<?xml version="1.0" encoding="UTF-8"?>
<!DOCTYPE html PUBLIC "-//W3C//DTD XHTML 1.0 Transitional//EN"
    "http://www.w3.org/TR/xhtml1/DTD/xhtml1-transitional.dtd">
<html xmlns="http://www.w3.org/1999/xhtml" xml:lang="en" lang="en">
 <head>
  <title>
</title>
<meta http-equiv="Content-Type" content="text/html;charset=utf-8" />
  <meta name='ocr-system' content='tesseract 3.04.00' />
  <meta name='ocr-capabilities' content='ocr_page ocr_carea ocr_par ocr_line ocrx_word'/>
</head>
<body>
  <div class='ocr_page' id='page_1' title='image "4768564_0014.png"; bbox 0 0 2681 3224; ppageno 0'>
   <div class='ocr_carea' id='block_1_1' title="bbox 1285 139 1314 183">
    <p class='ocr_par' dir='ltr' id='par_1_1' title="bbox 1285 139 1314 183">
     <span class='ocr_line' id='line_1_1' title="bbox 1285 139 1314 183; baseline 0 0"><span class='ocrx_word' id='word_1_1' title='bbox 1285 139 1314 183; x_wconf 83' lang='lat'>8</span> 
     </span>
    </p>
   </div>
   <div class='ocr_carea' id='block_1_2' title="bbox 151 269 2396 2856">
    <p class='ocr_par' dir='ltr' id='par_1_2' title="bbox 151 269 2396 2856">
     <span class='ocr_line' id='line_1_2' title="bbox 196 269 2396 328; baseline 0.001 -15"><span class='ocrx_word' id='word_1_2' title='bbox 196 279 401 328; x_wconf 77' lang='lat' dir='ltr'><strong>agrestes,</strong></span> <span class='ocrx_word' id='word_1_3' title='bbox 434 271 561 312; x_wconf 64' lang='lat' dir='ltr'><strong>sicuti&gt;</strong></span> <span class='ocrx_word' id='word_1_4' title='bbox 589 270 692 310; x_wconf 83' lang='lat' dir='ltr'><strong>dixit</strong></span> <span class='ocrx_word' id='word_1_5' title='bbox 726 269 918 311; x_wconf 81' lang='lat' dir='ltr'><strong>Tibullus</strong></span> <span class='ocrx_word' id='word_1_6' title='bbox 950 269 987 320; x_wconf 88' lang='lat'><strong>1,</strong></span> <span class='ocrx_word' id='word_1_7' title='bbox 1028 272 1068 320; x_wconf 90' lang='lat' dir='ltr'><strong>l,</strong></span> <span class='ocrx_word' id='word_1_8' title='bbox 1106 272 1164 311; x_wconf 87' lang='lat'><strong>35</strong></span> <span class='ocrx_word' id='word_1_9' title='bbox 1201 271 1476 324; x_wconf 83' lang='lat' dir='ltr'><strong>quotannis-a</strong></span> <span class='ocrx_word' id='word_1_10' title='bbox 1498 285 1544 311; x_wconf 89' lang='lat' dir='ltr'><strong>se</strong></span> <span class='ocrx_word' id='word_1_11' title='bbox 1568 278 1775 325; x_wconf 79' lang='lat' dir='ltr'><strong>pastorem</strong></span> <span class='ocrx_word' id='word_1_12' title='bbox 1797 285 1917 312; x_wconf 87' lang='lat' dir='ltr'><strong>suum</strong></span> <span class='ocrx_word' id='word_1_13' title='bbox 1951 272 2126 313; x_wconf 83' lang='lat' dir='ltr'><strong>lustrari.</strong></span> <span class='ocrx_word' id='word_1_14' title='bbox 2193 275 2396 316; x_wconf 84' lang='lat' dir='ltr'><strong>Iubentur</strong></span> 
     </span>
     <span class='ocr_line' id='line_1_3' title="bbox 195 344 2395 400; baseline 0.001 -14"><span class='ocrx_word' id='word_1_15' title='bbox 195 345 306 386; x_wconf 76' lang='lat' dir='ltr'><strong>festo</strong></span> <span class='ocrx_word' id='word_1_16' title='bbox 341 344 415 386; x_wconf 77' lang='lat' dir='ltr'><strong>die</strong></span> <span class='ocrx_word' id='word_1_17' title='bbox 444 345 494 384; x_wconf 89' lang='lat' dir='ltr'><strong>ab</strong></span> <span class='ocrx_word' id='word_1_18' title='bbox 528 344 638 383; x_wconf 89' lang='lat' dir='ltr'><strong>omni</strong></span> <span class='ocrx_word' id='word_1_19' title='bbox 674 357 803 397; x_wconf 90' lang='lat' dir='ltr'><strong>opere</strong></span> <span class='ocrx_word' id='word_1_20' title='bbox 836 356 1003 383; x_wconf 85' lang='lat' dir='ltr'><strong>cessare</strong></span> <span class='ocrx_word' id='word_1_21' title='bbox 1033 350 1080 384; x_wconf 80' lang='lat' dir='ltr'><strong>et</strong></span> <span class='ocrx_word' id='word_1_22' title='bbox 1113 344 1296 384; x_wconf 83' lang='lat' dir='ltr'><strong>homiues</strong></span> <span class='ocrx_word' id='word_1_23' title='bbox 1329 351 1372 384; x_wconf 89' lang='lat' dir='ltr'><strong>et</strong></span> <span class='ocrx_word' id='word_1_24' title='bbox 1405 345 1534 385; x_wconf 78' lang='lat' dir='ltr'><strong>boves</strong></span> <span class='ocrx_word' id='word_1_25' title='bbox 1567 351 1610 384; x_wconf 86' lang='lat' dir='ltr'><strong>et</strong></span> <span class='ocrx_word' id='word_1_26' title='bbox 1643 345 1731 398; x_wconf 87' lang='lat' dir='ltr'><strong>ipsa</strong></span> <span class='ocrx_word' id='word_1_27' title='bbox 1763 346 1885 385; x_wconf 81' lang='lat' dir='ltr'><strong>etiam</strong></span> <span class='ocrx_word' id='word_1_28' title='bbox 1926 346 2072 386; x_wconf 83' lang='lat' dir='ltr'><strong>humus</strong></span> <span class='ocrx_word' id='word_1_29' title='bbox 2105 347 2395 400; x_wconf 76' lang='lat' dir='ltr'><strong>requiescere3</strong></span> 
     </span>
     <span class='ocr_line' id='line_1_4' title="bbox 152 414 2393 471; baseline 0.001 -12"><span class='ocrx_word' id='word_1_30' title='bbox 152 442 159 450; x_wconf 58' lang='grc' dir='ltr'>ι</span> <span class='ocrx_word' id='word_1_31' title='bbox 194 419 395 460; x_wconf 80' lang='lat' dir='ltr'><strong>iubentur</strong></span> <span class='ocrx_word' id='word_1_32' title='bbox 423 417 565 458; x_wconf 77' lang='lat' dir='ltr'>rustici</span> <span class='ocrx_word' id='word_1_33' title='bbox 600 431 746 457; x_wconf 86' lang='lat' dir='ltr'><strong>omnes</strong></span> <span class='ocrx_word' id='word_1_34' title='bbox 781 417 884 457; x_wconf 88' lang='lat' dir='ltr'><strong>casti</strong></span> <span class='ocrx_word' id='word_1_35' title='bbox 918 423 961 456; x_wconf 86' lang='lat' dir='ltr'><strong>et</strong></span> <span class='ocrx_word' id='word_1_36' title='bbox 993 418 1086 471; x_wconf 90' lang='lat' dir='ltr'><strong>puri</strong></span> <span class='ocrx_word' id='word_1_37' title='bbox 1122 417 1269 457; x_wconf 87' lang='lat' dir='ltr'><strong>adesse</strong></span> <span class='ocrx_word' id='word_1_38' title='bbox 1305 417 1483 457; x_wconf 81' lang='lat' dir='ltr'><strong>candida</strong></span> <span class='ocrx_word' id='word_1_39' title='bbox 1514 431 1608 458; x_wconf 89' lang='lat' dir='ltr'><strong>cum</strong></span> <span class='ocrx_word' id='word_1_40' title='bbox 1641 425 1778 466; x_wconf 72' lang='lat' dir='ltr'><strong>veste3</strong></span> <span class='ocrx_word' id='word_1_41' title='bbox 1821 419 1882 459; x_wconf 87' lang='lat' dir='ltr'><strong>his</strong></span> <span class='ocrx_word' id='word_1_42' title='bbox 1925 414 2213 460; x_wconf 82' lang='lat' dir='ltr'><strong>comitantibus</strong></span> <span class='ocrx_word' id='word_1_43' title='bbox 2247 422 2294 461; x_wconf 83' lang='lat' dir='ltr'><strong>fit</strong></span> <span class='ocrx_word' id='word_1_44' title='bbox 2327 436 2393 461; x_wconf 90' lang='lat' dir='ltr'><strong>sa-</strong></span> 
     </span>
     <span class='ocr_line' id='line_1_5' title="bbox 192 490 2393 548; baseline 0 -13"><span class='ocrx_word' id='word_1_45' title='bbox 192 493 398 535; x_wconf 77' lang='lat' dir='ltr'><strong>crificium</strong></span> <span class='ocrx_word' id='word_1_46' title='bbox 432 506 558 547; x_wconf 78' lang='lat' dir='ltr'><strong>agno,</strong></span> <span class='ocrx_word' id='word_1_47' title='bbox 595 506 718 545; x_wconf 90' lang='lat' dir='ltr'><strong>quam</strong></span> <span class='ocrx_word' id='word_1_48' title='bbox 752 505 862 540; x_wconf 76' lang='lat' dir='ltr'><strong>nunc</strong></span> <span class='ocrx_word' id='word_1_49' title='bbox 895 490 1037 546; x_wconf 77' lang='lat' dir='ltr'><strong>exigui</strong></span> <span class='ocrx_word' id='word_1_50' title='bbox 1071 492 1148 532; x_wconf 89' lang='lat' dir='ltr'><strong>soli</strong></span> <span class='ocrx_word' id='word_1_51' title='bbox 1182 491 1356 532; x_wconf 86' lang='lat' dir='ltr'><strong>hostiam</strong></span> <span class='ocrx_word' id='word_1_52' title='bbox 1389 492 1600 533; x_wconf 81' lang='lat' dir='ltr'><strong>solennem</strong></span> <span class='ocrx_word' id='word_1_53' title='bbox 1635 506 1729 532; x_wconf 87' lang='lat' dir='ltr'><strong>esse</strong></span> <span class='ocrx_word' id='word_1_54' title='bbox 1764 491 1932 543; x_wconf 67' lang='lat' dir='ltr'><strong>dixitl,</strong></span> <span class='ocrx_word' id='word_1_55' title='bbox 1972 496 2010 544; x_wconf 90' lang='lat'><strong>1,</strong></span> <span class='ocrx_word' id='word_1_56' title='bbox 2039 495 2129 543; x_wconf 48' lang='lat' dir='ltr'><strong>22ss</strong></span> <span class='ocrx_word' id='word_1_57' title='bbox 2157 508 2304 548; x_wconf 83' lang='lat' dir='ltr'><strong>preces</strong></span> <span class='ocrx_word' id='word_1_58' title='bbox 2339 495 2393 536; x_wconf 89' lang='lat' dir='ltr'><strong>ad</strong></span> 
     </span>
     <span class='ocr_line' id='line_1_6' title="bbox 192 565 2393 621; baseline 0 -12"><span class='ocrx_word' id='word_1_59' title='bbox 192 567 302 609; x_wconf 78' lang='lat' dir='ltr'><strong>deos</strong></span> <span class='ocrx_word' id='word_1_60' title='bbox 335 567 471 608; x_wconf 76' lang='lat' dir='ltr'><strong>fausto</strong></span> <span class='ocrx_word' id='word_1_61' title='bbox 507 567 644 607; x_wconf 89' lang='lat' dir='ltr'><strong>omine</strong></span> <span class='ocrx_word' id='word_1_62' title='bbox 679 566 984 606; x_wconf 84' lang='lat' dir='ltr'><strong>confirmantur.</strong></span> <span class='ocrx_word' id='word_1_63' title='bbox 1053 567 1182 607; x_wconf 88' lang='lat' dir='ltr'><strong>Sacra</strong></span> <span class='ocrx_word' id='word_1_64' title='bbox 1215 574 1296 606; x_wconf 90' lang='lat' dir='ltr'><strong>tam</strong></span> <span class='ocrx_word' id='word_1_65' title='bbox 1330 566 1438 607; x_wconf 87' lang='lat' dir='ltr'><strong>laeta</strong></span> <span class='ocrx_word' id='word_1_66' title='bbox 1473 574 1702 621; x_wconf 87' lang='lat' dir='ltr'><strong>sequuntur</strong></span> <span class='ocrx_word' id='word_1_67' title='bbox 1734 565 1836 617; x_wconf 83' lang='lat' dir='ltr'><strong>ludi,</strong></span> <span class='ocrx_word' id='word_1_68' title='bbox 1871 566 2016 621; x_wconf 84' lang='lat' dir='ltr'><strong>dapes,</strong></span> <span class='ocrx_word' id='word_1_69' title='bbox 2051 568 2163 617; x_wconf 85' lang='lat' dir='ltr'><strong>vina;</strong></span> <span class='ocrx_word' id='word_1_70' title='bbox 2196 576 2241 609; x_wconf 84' lang='lat' dir='ltr'><strong>et</strong></span> <span class='ocrx_word' id='word_1_71' title='bbox 2272 569 2393 609; x_wconf 88' lang='lat' dir='ltr'><strong>turba</strong></span> 
     </span>
     <span class='ocr_line' id='line_1_7' title="bbox 151 636 2393 697; baseline 0.001 -15"><span class='ocrx_word' id='word_1_72' title='bbox 151 659 158 663; x_wconf 97' lang='lat'>·</span> <span class='ocrx_word' id='word_1_73' title='bbox 193 657 415 684; x_wconf 73' lang='lat' dir='ltr'><strong>vernarum</strong></span> <span class='ocrx_word' id='word_1_74' title='bbox 451 655 569 683; x_wconf 86' lang='lat' dir='ltr'><strong>casas</strong></span> <span class='ocrx_word' id='word_1_75' title='bbox 605 641 772 692; x_wconf 86' lang='lat' dir='ltr'><strong>extruit,</strong></span> <span class='ocrx_word' id='word_1_76' title='bbox 825 647 871 681; x_wconf 90' lang='lat' dir='ltr'><strong>ut</strong></span> <span class='ocrx_word' id='word_1_77' title='bbox 904 649 1104 696; x_wconf 86' lang='lat' dir='ltr'><strong>appareat</strong></span> <span class='ocrx_word' id='word_1_78' title='bbox 1144 642 1183 682; x_wconf 90' lang='lat' dir='ltr'><strong>in</strong></span> <span class='ocrx_word' id='word_1_79' title='bbox 1217 636 1310 682; x_wconf 90' lang='lat' dir='ltr'><strong>luco</strong></span> <span class='ocrx_word' id='word_1_80' title='bbox 1344 655 1430 683; x_wconf 87' lang='lat' dir='ltr'><strong>rem</strong></span> <span class='ocrx_word' id='word_1_81' title='bbox 1472 642 1562 697; x_wconf 76' lang='lat' dir='ltr'><strong>agi;</strong></span> <span class='ocrx_word' id='word_1_82' title='bbox 1612 641 1719 682; x_wconf 86' lang='lat' dir='ltr'><strong>in&#39;ter</strong></span> <span class='ocrx_word' id='word_1_83' title='bbox 1763 655 1872 696; x_wconf 92' lang='lat' dir='ltr'><strong>quae</strong></span> <span class='ocrx_word' id='word_1_84' title='bbox 1904 650 2028 697; x_wconf 83' lang='lat' dir='ltr'><strong>poeta</strong></span> <span class='ocrx_word' id='word_1_85' title='bbox 2065 643 2242 685; x_wconf 86' lang='lat' dir='ltr'><strong>absentis</strong></span> <span class='ocrx_word' id='word_1_86' title='bbox 2276 644 2393 685; x_wconf 86' lang='lat' dir='ltr'><strong>amici</strong></span> 
     </span>
     <span class='ocr_line' id='line_1_8' title="bbox 194 715 2393 772; baseline 0 -14"><span class='ocrx_word' id='word_1_87' title='bbox 194 717 744 765; x_wconf 81' lang='lat' dir='ltr'><strong>Messallaereminiscitur,</strong></span> <span class='ocrx_word' id='word_1_88' title='bbox 783 729 962 768; x_wconf 90' lang='lat' dir='ltr'><strong>eumque</strong></span> <span class='ocrx_word' id='word_1_89' title='bbox 1004 715 1091 756; x_wconf 81' lang='lat' dir='ltr'><strong>vult</strong></span> <span class='ocrx_word' id='word_1_90' title='bbox 1132 716 1206 756; x_wconf 90' lang='lat' dir='ltr'><strong>sibi</strong></span> <span class='ocrx_word' id='word_1_91' title='bbox 1246 715 1382 756; x_wconf 79' lang='lat' dir='ltr'><strong>favere</strong></span> <span class='ocrx_word' id='word_1_92' title='bbox 1427 715 1522 756; x_wconf 91' lang='lat' dir='ltr'><strong>dum</strong></span> <span class='ocrx_word' id='word_1_93' title='bbox 1566 730 1662 757; x_wconf 89' lang='lat' dir='ltr'><strong>rura</strong></span> <span class='ocrx_word' id='word_1_94' title='bbox 1696 716 1805 756; x_wconf 88' lang='lat' dir='ltr'><strong>canit</strong></span> <span class='ocrx_word' id='word_1_95' title='bbox 1838 717 2026 772; x_wconf 78' lang='lat' dir='ltr'><strong>rurisque</strong></span> <span class='ocrx_word' id='word_1_96' title='bbox 2060 718 2183 766; x_wconf 86' lang='lat' dir='ltr'><strong>deos;</strong></span> <span class='ocrx_word' id='word_1_97' title='bbox 2236 719 2393 760; x_wconf 84' lang='lat' dir='ltr'><strong>scilicet</strong></span> 
     </span>
     <span class='ocr_line' id='line_1_9' title="bbox 195 790 2390 846; baseline 0 -13"><span class='ocrx_word' id='word_1_98' title='bbox 195 793 426 846; x_wconf 81' lang='lat' dir='ltr'><strong>reliquerat</strong></span> <span class='ocrx_word' id='word_1_99' title='bbox 460 806 554 831; x_wconf 89' lang='lat' dir='ltr'><strong>eum</strong></span> <span class='ocrx_word' id='word_1_100' title='bbox 589 792 630 831; x_wconf 91' lang='lat' dir='ltr'><strong>in</strong></span> <span class='ocrx_word' id='word_1_101' title='bbox 667 791 799 831; x_wconf 85' lang='lat' dir='ltr'><strong>Asiam</strong></span> <span class='ocrx_word' id='word_1_102' title='bbox 834 790 1184 844; x_wconf 82' lang='lat' dir='ltr'><strong>proficiscentem,</strong></span> <span class='ocrx_word' id='word_1_103' title='bbox 1220 791 1313 844; x_wconf 86' lang='lat' dir='ltr'><strong>quia</strong></span> <span class='ocrx_word' id='word_1_104' title='bbox 1348 790 1528 831; x_wconf 79' lang='lat' dir='ltr'><strong>furorem</strong></span> <span class='ocrx_word' id='word_1_105' title='bbox 1563 790 1684 830; x_wconf 85' lang='lat' dir='ltr'><strong>maris</strong></span> <span class='ocrx_word' id='word_1_106' title='bbox 1716 791 1941 845; x_wconf 76' lang='lat' dir='ltr'><strong>tristesque</strong></span> <span class='ocrx_word' id='word_1_107' title='bbox 1973 793 2140 846; x_wconf 83' lang='lat' dir='ltr'><strong>pluvias·</strong></span> <span class='ocrx_word' id='word_1_108' title='bbox 2164 793 2275 833; x_wconf 74' lang='lat' dir='ltr'><strong>serre</strong></span> <span class='ocrx_word' id='word_1_109' title='bbox 2308 809 2390 833; x_wconf 87' lang='lat' dir='ltr'><strong>non</strong></span> 
     </span>
     <span class='ocr_line' id='line_1_10' title="bbox 195 864 2391 922; baseline 0 -14"><span class='ocrx_word' id='word_1_110' title='bbox 195 874 408 922; x_wconf 76' lang='lat' dir='ltr'><strong>potuerat,</strong></span> <span class='ocrx_word' id='word_1_111' title='bbox 445 865 524 905; x_wconf 81' lang='lat' dir='ltr'><strong>vid.</strong></span> <span class='ocrx_word' id='word_1_112' title='bbox 560 865 597 914; x_wconf 91' lang='lat'><strong>1,</strong></span> <span class='ocrx_word' id='word_1_113' title='bbox 634 867 675 914; x_wconf 87' lang='lat'><strong>3,</strong></span> <span class='ocrx_word' id='word_1_114' title='bbox 714 867 749 905; x_wconf 89' lang='lat'><strong>1.</strong></span> <span class='ocrx_word' id='word_1_115' title='bbox 792 866 831 914; x_wconf 93' lang='lat' dir='ltr'><strong>l,</strong></span> <span class='ocrx_word' id='word_1_116' title='bbox 868 865 943 911; x_wconf 78' lang='lat'><strong>50,</strong></span> <span class='ocrx_word' id='word_1_117' title='bbox 978 872 1021 905; x_wconf 88' lang='lat' dir='ltr'><strong>et</strong></span> <span class='ocrx_word' id='word_1_118' title='bbox 1056 864 1207 905; x_wconf 87' lang='lat' dir='ltr'><strong>deinde</strong></span> <span class='ocrx_word' id='word_1_119' title='bbox 1240 864 1417 906; x_wconf 89' lang='lat' dir='ltr'><strong>militiam</strong></span> <span class='ocrx_word' id='word_1_120' title='bbox 1451 879 1551 919; x_wconf 88' lang='lat' dir='ltr'><strong>prae</strong></span> <span class='ocrx_word' id='word_1_121' title='bbox 1573 865 1726 906; x_wconf 87' lang='lat' dir='ltr'><strong>rustica</strong></span> <span class='ocrx_word' id='word_1_122' title='bbox 1750 866 1829 906; x_wconf 86' lang='lat' dir='ltr'><strong>vita</strong></span> <span class='ocrx_word' id='word_1_123' title='bbox 1852 875 2086 920; x_wconf 82' lang='lat' dir='ltr'><strong>spreverat;</strong></span> <span class='ocrx_word' id='word_1_124' title='bbox 2121 867 2260 921; x_wconf 91' lang='lat' dir='ltr'><strong>itaque</strong></span> <span class='ocrx_word' id='word_1_125' title='bbox 2285 868 2391 908; x_wconf 85' lang='lat' dir='ltr'><strong>vitae</strong></span> 
     </span>
     <span class='ocr_line' id='line_1_11' title="bbox 193 939 2392 996; baseline 0 -14"><span class='ocrx_word' id='word_1_126' title='bbox 193 941 318 982; x_wconf 83' lang='lat' dir='ltr'><strong>huius</strong></span> <span class='ocrx_word' id='word_1_127' title='bbox 351 939 496 980; x_wconf 83' lang='lat' dir='ltr'><strong>laudes</strong></span> <span class='ocrx_word' id='word_1_128' title='bbox 532 939 731 989; x_wconf 78' lang='lat' dir='ltr'><strong>celebrat,</strong></span> <span class='ocrx_word' id='word_1_129' title='bbox 767 939 874 979; x_wconf 87' lang='lat' dir='ltr'><strong>inter</strong></span> <span class='ocrx_word' id='word_1_130' title='bbox 908 953 1012 992; x_wconf 90' lang='lat' dir='ltr'><strong>quas</strong></span> <span class='ocrx_word' id='word_1_131' title='bbox 1047 946 1262 993; x_wconf 76' lang='lat' dir='ltr'><strong>postquam</strong></span> <span class='ocrx_word' id='word_1_132' title='bbox 1305 939 1358 980; x_wconf 90' lang='lat' dir='ltr'><strong>ad</strong></span> <span class='ocrx_word' id='word_1_133' title='bbox 1400 942 1561 980; x_wconf 84' lang='lat' dir='ltr'><strong>amores</strong></span> <span class='ocrx_word' id='word_1_134' title='bbox 1595 940 1802 993; x_wconf 86' lang='lat' dir='ltr'><strong>pervenit,</strong></span> <span class='ocrx_word' id='word_1_135' title='bbox 1844 940 1952 981; x_wconf 91' lang='lat' dir='ltr'><strong>redit</strong></span> <span class='ocrx_word' id='word_1_136' title='bbox 1992 940 2043 982; x_wconf 90' lang='lat' dir='ltr'><strong>ad</strong></span> <span class='ocrx_word' id='word_1_137' title='bbox 2088 941 2235 982; x_wconf 79' lang='lat' dir='ltr'><strong>festum</strong></span> <span class='ocrx_word' id='word_1_138' title='bbox 2277 941 2392 996; x_wconf 90' lang='lat' dir='ltr'><strong>quod</strong></span> 
     </span>
     <span class='ocr_line' id='line_1_12' title="bbox 193 1013 2391 1074; baseline 0 -17"><span class='ocrx_word' id='word_1_139' title='bbox 193 1015 337 1069; x_wconf 78' lang='lat' dir='ltr'><strong>agitur</strong></span> <span class='ocrx_word' id='word_1_140' title='bbox 369 1021 412 1057; x_wconf 88' lang='lat' dir='ltr'><strong>et</strong></span> <span class='ocrx_word' id='word_1_141' title='bbox 445 1014 533 1056; x_wconf 85' lang='lat' dir='ltr'><strong>vult</strong></span> <span class='ocrx_word' id='word_1_142' title='bbox 566 1029 590 1056; x_wconf 92' lang='lat' dir='ltr'><strong>a</strong></span> <span class='ocrx_word' id='word_1_143' title='bbox 623 1013 864 1055; x_wconf 87' lang='lat' dir='ltr'><strong>suis-etiam</strong></span> <span class='ocrx_word' id='word_1_144' title='bbox 898 1014 1092 1054; x_wconf 80' lang='lat' dir='ltr'>Amorem</span> <span class='ocrx_word' id='word_1_145' title='bbox 1127 1014 1325 1074; x_wconf 85' lang='lat' dir='ltr'><strong>invocari;</strong></span> <span class='ocrx_word' id='word_1_146' title='bbox 1360 1013 1401 1055; x_wconf 93' lang='lat' dir='ltr'><strong>id</strong></span> <span class='ocrx_word' id='word_1_147' title='bbox 1437 1028 1533 1056; x_wconf 84' lang='lat' dir='ltr'><strong>vero</strong></span> <span class='ocrx_word' id='word_1_148' title='bbox 1568 1013 1715 1055; x_wconf 89' lang='lat' dir='ltr'><strong>sedulo</strong></span> <span class='ocrx_word' id='word_1_149' title='bbox 1749 1013 1848 1056; x_wconf 85' lang='lat' dir='ltr'><strong>facit</strong></span> <span class='ocrx_word' id='word_1_150' title='bbox 1880 1014 2001 1056; x_wconf 91' lang='lat' dir='ltr'><strong>turba</strong></span> <span class='ocrx_word' id='word_1_151' title='bbox 2035 1015 2178 1057; x_wconf 89' lang='lat' dir='ltr'><strong>iocosa</strong></span> <span class='ocrx_word' id='word_1_152' title='bbox 2199 1017 2391 1058; x_wconf 86' lang='lat' dir='ltr'><strong>iuvenum</strong></span> 
     </span>
     <span class='ocr_line' id='line_1_13' title="bbox 194 1088 2392 1146; baseline 0 -15"><span class='ocrx_word' id='word_1_153' title='bbox 194 1089 510 1146; x_wconf 69' lang='lat' dir='ltr'>puellarumque</span> <span class='ocrx_word' id='word_1_154' title='bbox 545 1089 813 1143; x_wconf 78' lang='lat' dir='ltr'><strong>obstrepente</strong></span> <span class='ocrx_word' id='word_1_155' title='bbox 847 1088 972 1128; x_wconf 86' lang='lat' dir='ltr'><strong>etiam</strong></span> <span class='ocrx_word' id='word_1_156' title='bbox 1004 1088 1118 1137; x_wconf 89' lang='lat' dir='ltr'><strong>tibia,</strong></span> <span class='ocrx_word' id='word_1_157' title='bbox 1170 1103 1273 1142; x_wconf 86' lang='lat' dir='ltr'><strong>quae</strong></span> <span class='ocrx_word' id='word_1_158' title='bbox 1308 1096 1354 1129; x_wconf 91' lang='lat' dir='ltr'><strong>ut</strong></span> <span class='ocrx_word' id='word_1_159' title='bbox 1388 1090 1443 1129; x_wconf 89' lang='lat' dir='ltr'><strong>ait</strong></span> <span class='ocrx_word' id='word_1_160' title='bbox 1477 1090 1590 1144; x_wconf 78' lang='lat' dir='ltr'><strong>Virg.</strong></span> <span class='ocrx_word' id='word_1_161' title='bbox 1626 1092 1728 1129; x_wconf 83' lang='lat' dir='ltr'><strong>Aen.</strong></span> <span class='ocrx_word' id='word_1_162' title='bbox 1778 1089 1834 1139; x_wconf 88' lang='grc' dir='ltr'><strong>ΙΙ,</strong></span> <span class='ocrx_word' id='word_1_163' title='bbox 1873 1091 1986 1139; x_wconf 79' lang='lat'><strong>738,</strong></span> <span class='ocrx_word' id='word_1_164' title='bbox 2039 1090 2187 1131; x_wconf 84' lang='lat' dir='ltr'><strong>choros</strong></span> <span class='ocrx_word' id='word_1_165' title='bbox 2231 1090 2392 1141; x_wconf 89' lang='lat' dir='ltr'><strong>indicit;</strong></span> 
     </span>
     <span class='ocr_line' id='line_1_14' title="bbox 195 1163 2393 1220; baseline 0 -16"><span class='ocrx_word' id='word_1_166' title='bbox 195 1179 274 1204; x_wconf 89' lang='lat' dir='ltr'><strong>nec</strong></span> <span class='ocrx_word' id='word_1_167' title='bbox 310 1164 450 1204; x_wconf 79' lang='lat' dir='ltr'><strong>obstat</strong></span> <span class='ocrx_word' id='word_1_168' title='bbox 483 1171 634 1217; x_wconf 81' lang='lat' dir='ltr'><strong>poeta:</strong></span> <span class='ocrx_word' id='word_1_169' title='bbox 682 1163 787 1203; x_wconf 89' lang='lat' dir='ltr'><strong>ultro</strong></span> <span class='ocrx_word' id='word_1_170' title='bbox 824 1163 943 1202; x_wconf 89' lang='lat' dir='ltr'><strong>etiam</strong></span> <span class='ocrx_word' id='word_1_171' title='bbox 988 1163 1197 1202; x_wconf 80' lang='lat' dir='ltr'><strong>hortatur:</strong></span> <span class='ocrx_word' id='word_1_172' title='bbox 1247 1164 1396 1202; x_wconf 74' lang='lat' dir='ltr'><strong>ludite:</strong></span> <span class='ocrx_word' id='word_1_173' title='bbox 1446 1168 1528 1203; x_wconf 77' lang='lat' dir='ltr'><strong>iam</strong></span> <span class='ocrx_word' id='word_1_174' title='bbox 1559 1164 1655 1203; x_wconf 77' lang='lat' dir='ltr'><strong>Nox</strong></span> <span class='ocrx_word' id='word_1_175' title='bbox 1688 1167 1821 1216; x_wconf 69' lang='lat' dir='ltr'><strong>iungit</strong></span> <span class='ocrx_word' id='word_1_176' title='bbox 1853 1178 1985 1215; x_wconf 76' lang='lat' dir='ltr'><strong>equos.</strong></span> <span class='ocrx_word' id='word_1_177' title='bbox 2051 1167 2233 1218; x_wconf 83' lang='lat' dir='ltr'><strong>Apparet</strong></span> <span class='ocrx_word' id='word_1_178' title='bbox 2265 1166 2393 1220; x_wconf 80' lang='lat' dir='ltr'><strong>igitur</strong></span> 
     </span>
     <span class='ocr_line' id='line_1_15' title="bbox 194 1231 2391 1294; baseline 0 -14"><span class='ocrx_word' id='word_1_179' title='bbox 194 1231 418 1294; x_wconf 79' lang='lat' dir='ltr'><strong>postquam</strong></span> <span class='ocrx_word' id='word_1_180' title='bbox 453 1238 698 1279; x_wconf 87' lang='lat' dir='ltr'><strong>sacrificium</strong></span> <span class='ocrx_word' id='word_1_181' title='bbox 733 1246 775 1279; x_wconf 88' lang='lat' dir='ltr'><strong>et</strong></span> <span class='ocrx_word' id='word_1_182' title='bbox 809 1237 936 1291; x_wconf 84' lang='lat' dir='ltr'><strong>dapes</strong></span> <span class='ocrx_word' id='word_1_183' title='bbox 972 1246 1139 1291; x_wconf 85' lang='lat' dir='ltr'><strong>paratas</strong></span> <span class='ocrx_word' id='word_1_184' title='bbox 1174 1245 1215 1278; x_wconf 89' lang='lat' dir='ltr'><strong>et</strong></span> <span class='ocrx_word' id='word_1_185' title='bbox 1249 1236 1456 1278; x_wconf 88' lang='lat' dir='ltr'><strong>ludentem</strong></span> <span class='ocrx_word' id='word_1_186' title='bbox 1490 1252 1705 1278; x_wconf 87' lang='lat' dir='ltr'><strong>vernarum</strong></span> <span class='ocrx_word' id='word_1_187' title='bbox 1749 1239 1910 1278; x_wconf 84' lang='lat' dir='ltr'><strong>turbam</strong></span> <span class='ocrx_word' id='word_1_188' title='bbox 1954 1246 1996 1278; x_wconf 88' lang='lat' dir='ltr'><strong>et</strong></span> <span class='ocrx_word' id='word_1_189' title='bbox 2038 1253 2155 1279; x_wconf 88' lang='lat' dir='ltr'><strong>casas</strong></span> <span class='ocrx_word' id='word_1_190' title='bbox 2198 1246 2391 1281; x_wconf 85' lang='lat' dir='ltr'><strong>extruen-</strong></span> 
     </span>
     <span class='ocr_line' id='line_1_16' title="bbox 193 1311 2391 1369; baseline -0 -13"><span class='ocrx_word' id='word_1_191' title='bbox 193 1320 282 1356; x_wconf 85' lang='lat' dir='ltr'><strong>tem</strong></span> <span class='ocrx_word' id='word_1_192' title='bbox 315 1320 359 1355; x_wconf 88' lang='lat' dir='ltr'><strong>et</strong></span> <span class='ocrx_word' id='word_1_193' title='bbox 391 1313 484 1354; x_wconf 73' lang='lat' dir='ltr'><strong>vina</strong></span> <span class='ocrx_word' id='word_1_194' title='bbox 519 1312 699 1367; x_wconf 90' lang='lat' dir='ltr'><strong>denique</strong></span> <span class='ocrx_word' id='word_1_195' title='bbox 735 1311 841 1353; x_wconf 88' lang='lat' dir='ltr'><strong>diem</strong></span> <span class='ocrx_word' id='word_1_196' title='bbox 877 1311 1129 1353; x_wconf 76' lang='lat' dir='ltr'><strong>celebrantia</strong></span> <span class='ocrx_word' id='word_1_197' title='bbox 1164 1312 1508 1364; x_wconf 81' lang='lat' dir='ltr'><strong>commemoravit,</strong></span> <span class='ocrx_word' id='word_1_198' title='bbox 1541 1327 1621 1354; x_wconf 91' lang='lat' dir='ltr'><strong>non</strong></span> <span class='ocrx_word' id='word_1_199' title='bbox 1655 1311 1891 1368; x_wconf 79' lang='lat' dir='ltr'><strong>singulatim</strong></span> <span class='ocrx_word' id='word_1_200' title='bbox 1926 1326 2140 1354; x_wconf 76' lang='lat' dir='ltr'><strong>enarrasse</strong></span> <span class='ocrx_word' id='word_1_201' title='bbox 2183 1313 2283 1368; x_wconf 91' lang='lat' dir='ltr'><strong>quid</strong></span> <span class='ocrx_word' id='word_1_202' title='bbox 2316 1329 2391 1369; x_wconf 91' lang='lat' dir='ltr'><strong>per</strong></span> 
     </span>
     <span class='ocr_line' id='line_1_17' title="bbox 192 1385 2390 1442; baseline 0 -13"><span class='ocrx_word' id='word_1_203' title='bbox 192 1394 330 1429; x_wconf 90' lang='lat' dir='ltr'><strong>totum</strong></span> <span class='ocrx_word' id='word_1_204' title='bbox 367 1386 476 1427; x_wconf 86' lang='lat' dir='ltr'><strong>diem</strong></span> <span class='ocrx_word' id='word_1_205' title='bbox 510 1393 649 1427; x_wconf 90' lang='lat' dir='ltr'><strong>actum</strong></span> <span class='ocrx_word' id='word_1_206' title='bbox 683 1387 756 1437; x_wconf 90' lang='lat' dir='ltr'><strong>sit,</strong></span> <span class='ocrx_word' id='word_1_207' title='bbox 799 1386 866 1426; x_wconf 88' lang='lat' dir='ltr'><strong>illa</strong></span> <span class='ocrx_word' id='word_1_208' title='bbox 909 1386 1015 1426; x_wconf 89' lang='lat' dir='ltr'><strong>enim</strong></span> <span class='ocrx_word' id='word_1_209' title='bbox 1059 1385 1339 1436; x_wconf 79' lang='lat' dir='ltr'><strong>sufficiebant;</strong></span> <span class='ocrx_word' id='word_1_210' title='bbox 1396 1388 1536 1441; x_wconf 82' lang='lat' dir='ltr'><strong>itaque</strong></span> <span class='ocrx_word' id='word_1_211' title='bbox 1579 1388 1657 1426; x_wconf 91' lang='lat' dir='ltr'><strong>iam</strong></span> <span class='ocrx_word' id='word_1_212' title='bbox 1700 1386 1752 1426; x_wconf 90' lang='lat' dir='ltr'><strong>ad</strong></span> <span class='ocrx_word' id='word_1_213' title='bbox 1794 1394 1959 1427; x_wconf 88' lang='lat' dir='ltr'><strong>noctem</strong></span> <span class='ocrx_word' id='word_1_214' title='bbox 1994 1388 2390 1442; x_wconf 81' lang='lat' dir='ltr'><strong>appropinquantem</strong></span> 
     </span>
     <span class='ocr_line' id='line_1_18' title="bbox 191 1462 2391 1518; baseline 0 -15"><span class='ocrx_word' id='word_1_215' title='bbox 191 1463 396 1518; x_wconf 83' lang='lat' dir='ltr'><strong>pervenit,</strong></span> <span class='ocrx_word' id='word_1_216' title='bbox 429 1475 512 1515; x_wconf 91' lang='lat' dir='ltr'><strong>quo</strong></span> <span class='ocrx_word' id='word_1_217' title='bbox 547 1469 737 1515; x_wconf 88' lang='lat' dir='ltr'><strong>tempore</strong></span> <span class='ocrx_word' id='word_1_218' title='bbox 771 1468 1095 1501; x_wconf 90' lang='lat' dir='ltr'><strong>consentaneum</strong></span> <span class='ocrx_word' id='word_1_219' title='bbox 1130 1470 1196 1501; x_wconf 88' lang='lat' dir='ltr'><strong>est</strong></span> <span class='ocrx_word' id='word_1_220' title='bbox 1227 1463 1423 1502; x_wconf 90' lang='lat' dir='ltr'><strong>rusticum</strong></span> <span class='ocrx_word' id='word_1_221' title='bbox 1457 1463 1642 1502; x_wconf 89' lang='lat' dir='ltr'><strong>maritum</strong></span> <span class='ocrx_word' id='word_1_222' title='bbox 1677 1476 1770 1502; x_wconf 91' lang='lat' dir='ltr'><strong>cum</strong></span> <span class='ocrx_word' id='word_1_223' title='bbox 1804 1476 1933 1502; x_wconf 86' lang='lat' dir='ltr'><strong>uxore</strong></span> <span class='ocrx_word' id='word_1_224' title='bbox 1968 1469 2010 1502; x_wconf 91' lang='lat' dir='ltr'><strong>et</strong></span> <span class='ocrx_word' id='word_1_225' title='bbox 2052 1462 2188 1503; x_wconf 88' lang='lat' dir='ltr'><strong>liberis</strong></span> <span class='ocrx_word' id='word_1_226' title='bbox 2224 1463 2391 1504; x_wconf 88' lang='lat' dir='ltr'><strong>domum</strong></span> 
     </span>
     <span class='ocr_line' id='line_1_19' title="bbox 195 1534 2390 1593; baseline 0 -16"><span class='ocrx_word' id='word_1_227' title='bbox 195 1537 371 1586; x_wconf 83' lang='lat' dir='ltr'><strong>reverti,</strong></span> <span class='ocrx_word' id='word_1_228' title='bbox 414 1536 519 1575; x_wconf 89' lang='lat' dir='ltr'><strong>male</strong></span> <span class='ocrx_word' id='word_1_229' title='bbox 553 1535 663 1575; x_wconf 91' lang='lat' dir='ltr'><strong>illum</strong></span> <span class='ocrx_word' id='word_1_230' title='bbox 700 1534 866 1588; x_wconf 89' lang='lat' dir='ltr'><strong>quidem</strong></span> <span class='ocrx_word' id='word_1_231' title='bbox 901 1536 1109 1585; x_wconf 88' lang='lat' dir='ltr'><strong>sobrium,</strong></span> <span class='ocrx_word' id='word_1_232' title='bbox 1152 1535 1195 1575; x_wconf 87' lang='lat' dir='ltr'><strong>id</strong></span> <span class='ocrx_word' id='word_1_233' title='bbox 1237 1535 1347 1588; x_wconf 86' lang='lat' dir='ltr'><strong>quod</strong></span> <span class='ocrx_word' id='word_1_234' title='bbox 1391 1536 1588 1586; x_wconf 83' lang='lat' dir='ltr'><strong>decebat,</strong></span> <span class='ocrx_word' id='word_1_235' title='bbox 1645 1535 1724 1576; x_wconf 81' lang='lat' dir='ltr'><strong>vid.</strong></span> <span class='ocrx_word' id='word_1_236' title='bbox 1761 1551 1798 1575; x_wconf 79' lang='lat' dir='ltr'><strong>v,</strong></span> <span class='ocrx_word' id='word_1_237' title='bbox 1836 1537 1910 1585; x_wconf 77' lang='lat'><strong>29,</strong></span> <span class='ocrx_word' id='word_1_238' title='bbox 1946 1535 2020 1576; x_wconf 88' lang='lat' dir='ltr'><strong>sed</strong></span> <span class='ocrx_word' id='word_1_239' title='bbox 2052 1543 2192 1593; x_wconf 15' lang='lat' dir='ltr'><strong>tamen!</strong></span> <span class='ocrx_word' id='word_1_240' title='bbox 2221 1538 2390 1577; x_wconf 88' lang='lat' dir='ltr'><strong>iunioris</strong></span> 
     </span>
     <span class='ocr_line' id='line_1_20' title="bbox 195 1608 2390 1664; baseline 0 -13"><span class='ocrx_word' id='word_1_241' title='bbox 195 1610 345 1651; x_wconf 83' lang='lat' dir='ltr'><strong>turbae</strong></span> <span class='ocrx_word' id='word_1_242' title='bbox 380 1609 560 1659; x_wconf 86' lang='lat' dir='ltr'><strong>lascivia,</strong></span> <span class='ocrx_word' id='word_1_243' title='bbox 597 1624 704 1662; x_wconf 87' lang='lat' dir='ltr'><strong>quae</strong></span> <span class='ocrx_word' id='word_1_244' title='bbox 740 1616 827 1649; x_wconf 91' lang='lat' dir='ltr'><strong>tum</strong></span> <span class='ocrx_word' id='word_1_245' title='bbox 851 1608 1025 1649; x_wconf 87' lang='lat' dir='ltr'><strong>maxime</strong></span> <span class='ocrx_word' id='word_1_246' title='bbox 1050 1609 1193 1664; x_wconf 82' lang='lat' dir='ltr'><strong>vigere</strong></span> <span class='ocrx_word' id='word_1_247' title='bbox 1212 1609 1361 1663; x_wconf 90' lang='lat' dir='ltr'><strong>incipit,</strong></span> <span class='ocrx_word' id='word_1_248' title='bbox 1395 1609 1677 1650; x_wconf 80' lang='lat' dir='ltr'><strong>abstinentem.</strong></span> <span class='ocrx_word' id='word_1_249' title='bbox 1748 1608 2162 1664; x_wconf 74' lang='lat' dir='ltr'><strong>Quareintellegitur</strong></span> <span class='ocrx_word' id='word_1_250' title='bbox 2184 1611 2390 1664; x_wconf 82' lang='lat' dir='ltr'><strong>aptissime</strong></span> 
     </span>
     <span class='ocr_line' id='line_1_21' title="bbox 193 1683 2391 1739; baseline 0 -14"><span class='ocrx_word' id='word_1_251' title='bbox 193 1685 285 1726; x_wconf 84' lang='lat' dir='ltr'><strong>fieri</strong></span> <span class='ocrx_word' id='word_1_252' title='bbox 329 1684 379 1724; x_wconf 84' lang='lat' dir='ltr'><strong>ab</strong></span> <span class='ocrx_word' id='word_1_253' title='bbox 425 1684 588 1738; x_wconf 83' lang='lat' dir='ltr'><strong>elegiae</strong></span> <span class='ocrx_word' id='word_1_254' title='bbox 634 1684 691 1724; x_wconf 90' lang='lat' dir='ltr'><strong>II.</strong></span> <span class='ocrx_word' id='word_1_255' title='bbox 744 1686 784 1733; x_wconf 85' lang='lat' dir='ltr'><strong>l,</strong></span> <span class='ocrx_word' id='word_1_256' title='bbox 831 1699 868 1724; x_wconf 80' lang='lat' dir='ltr'><strong>v,</strong></span> <span class='ocrx_word' id='word_1_257' title='bbox 906 1685 981 1734; x_wconf 84' lang='lat'><strong>90,</strong></span> <span class='ocrx_word' id='word_1_258' title='bbox 1023 1683 1237 1724; x_wconf 83' lang='lat' dir='ltr'><strong>transitum</strong></span> <span class='ocrx_word' id='word_1_259' title='bbox 1279 1683 1330 1724; x_wconf 88' lang='lat' dir='ltr'><strong>ad</strong></span> <span class='ocrx_word' id='word_1_260' title='bbox 1382 1684 1492 1739; x_wconf 85' lang='lat' dir='ltr'><strong>eleg.</strong></span> <span class='ocrx_word' id='word_1_261' title='bbox 1528 1684 1561 1724; x_wconf 88' lang='grc' dir='ltr'><strong>Ῑ.</strong></span> <span class='ocrx_word' id='word_1_262' title='bbox 1602 1686 1674 1734; x_wconf 87' lang='grc'><strong>10,</strong></span> <span class='ocrx_word' id='word_1_263' title='bbox 1708 1699 1744 1724; x_wconf 83' lang='lat' dir='ltr'><strong>v.</strong></span> <span class='ocrx_word' id='word_1_264' title='bbox 1782 1685 1855 1734; x_wconf 76' lang='lat'><strong>51,</strong></span> <span class='ocrx_word' id='word_1_265' title='bbox 1889 1698 1937 1724; x_wconf 93' lang='lat' dir='ltr'><strong>ac</strong></span> <span class='ocrx_word' id='word_1_266' title='bbox 1971 1684 2078 1735; x_wconf 77' lang='lat' dir='ltr'><strong>vide,</strong></span> <span class='ocrx_word' id='word_1_267' title='bbox 2115 1700 2236 1738; x_wconf 89' lang='lat' dir='ltr'><strong>quam</strong></span> <span class='ocrx_word' id='word_1_268' title='bbox 2270 1686 2391 1726; x_wconf 88' lang='lat' dir='ltr'><strong>etiam</strong></span> 
     </span>
     <span class='ocr_line' id='line_1_22' title="bbox 193 1758 2388 1813; baseline 0 -14"><span class='ocrx_word' id='word_1_269' title='bbox 193 1759 379 1799; x_wconf 81' lang='lat' dir='ltr'><strong>suaviter</strong></span> <span class='ocrx_word' id='word_1_270' title='bbox 413 1758 642 1813; x_wconf 85' lang='lat' dir='ltr'><strong>coniungat</strong></span> <span class='ocrx_word' id='word_1_271' title='bbox 676 1765 801 1812; x_wconf 86' lang='lat' dir='ltr'><strong>poeta</strong></span> <span class='ocrx_word' id='word_1_272' title='bbox 835 1758 1013 1799; x_wconf 89' lang='lat' dir='ltr'><strong>Noctem</strong></span> <span class='ocrx_word' id='word_1_273' title='bbox 1067 1772 1199 1811; x_wconf 90' lang='lat' dir='ltr'><strong>equos</strong></span> <span class='ocrx_word' id='word_1_274' title='bbox 1251 1772 1339 1798; x_wconf 91' lang='lat' dir='ltr'><strong>cum</strong></span> <span class='ocrx_word' id='word_1_275' title='bbox 1392 1759 1562 1798; x_wconf 84' lang='lat' dir='ltr'><strong>maxime</strong></span> <span class='ocrx_word' id='word_1_276' title='bbox 1595 1759 1836 1813; x_wconf 83' lang='lat' dir='ltr'><strong>iungentem</strong></span> <span class='ocrx_word' id='word_1_277' title='bbox 1883 1765 1924 1798; x_wconf 89' lang='lat' dir='ltr'><strong>et</strong></span> <span class='ocrx_word' id='word_1_278' title='bbox 1965 1758 2162 1798; x_wconf 86' lang='lat' dir='ltr'><strong>rusticum</strong></span> <span class='ocrx_word' id='word_1_279' title='bbox 2205 1759 2388 1813; x_wconf 84' lang='lat' dir='ltr'><strong>plaustro</strong></span> 
     </span>
     <span class='ocr_line' id='line_1_23' title="bbox 193 1830 2389 1886; baseline 0 -13"><span class='ocrx_word' id='word_1_280' title='bbox 193 1847 296 1873; x_wconf 86' lang='lat' dir='ltr'><strong>suos</strong></span> <span class='ocrx_word' id='word_1_281' title='bbox 338 1832 505 1872; x_wconf 92' lang='lat' dir='ltr'><strong>domum</strong></span> <span class='ocrx_word' id='word_1_282' title='bbox 549 1831 778 1871; x_wconf 74' lang='lat' dir='ltr'><strong>vehentem.</strong></span> <span class='ocrx_word' id='word_1_283' title='bbox 849 1833 934 1870; x_wconf 86' lang='lat' dir='ltr'><strong>lam</strong></span> <span class='ocrx_word' id='word_1_284' title='bbox 980 1845 1077 1870; x_wconf 85' lang='lat' dir='ltr'><strong>vero</strong></span> <span class='ocrx_word' id='word_1_285' title='bbox 1121 1830 1174 1871; x_wconf 90' lang='lat' dir='ltr'><strong>de</strong></span> <span class='ocrx_word' id='word_1_286' title='bbox 1219 1831 1397 1871; x_wconf 81' lang='lat' dir='ltr'><strong>clausula</strong></span> <span class='ocrx_word' id='word_1_287' title='bbox 1442 1833 1676 1885; x_wconf 83' lang='lat' dir='ltr'><strong>quaeritur,</strong></span> <span class='ocrx_word' id='word_1_288' title='bbox 1720 1846 1826 1885; x_wconf 88' lang='lat' dir='ltr'><strong>quae</strong></span> <span class='ocrx_word' id='word_1_289' title='bbox 1861 1846 1940 1872; x_wconf 92' lang='lat' dir='ltr'><strong>non</strong></span> <span class='ocrx_word' id='word_1_290' title='bbox 1977 1832 2113 1886; x_wconf 87' lang='lat' dir='ltr'><strong>aliqua</strong></span> <span class='ocrx_word' id='word_1_291' title='bbox 2147 1833 2278 1873; x_wconf 82' lang='lat' dir='ltr'><strong>solum</strong></span> <span class='ocrx_word' id='word_1_292' title='bbox 2314 1833 2389 1874; x_wconf 89' lang='lat' dir='ltr'><strong>sed</strong></span> 
     </span>
     <span class='ocr_line' id='line_1_24' title="bbox 188 1904 2389 1961; baseline 0 -14"><span class='ocrx_word' id='word_1_293' title='bbox 188 1907 317 1947; x_wconf 68' lang='lat' dir='ltr'><strong>⁴etiam</strong></span> <span class='ocrx_word' id='word_1_294' title='bbox 359 1905 540 1960; x_wconf 83' lang='lat' dir='ltr'><strong>inprimis</strong></span> <span class='ocrx_word' id='word_1_295' title='bbox 583 1913 679 1959; x_wconf 87' lang='lat' dir='ltr'><strong>apta</strong></span> <span class='ocrx_word' id='word_1_296' title='bbox 722 1911 765 1945; x_wconf 89' lang='lat' dir='ltr'><strong>et</strong></span> <span class='ocrx_word' id='word_1_297' title='bbox 799 1911 944 1946; x_wconf 88' lang='lat' dir='ltr'><strong>ornata</strong></span> <span class='ocrx_word' id='word_1_298' title='bbox 990 1919 1082 1945; x_wconf 90' lang='lat' dir='ltr'><strong>esse</strong></span> <span class='ocrx_word' id='word_1_299' title='bbox 1125 1904 1303 1945; x_wconf 82' lang='lat' dir='ltr'><strong>creditur</strong></span> <span class='ocrx_word' id='word_1_300' title='bbox 1346 1905 1525 1961; x_wconf 80' lang='lat' dir='ltr'><strong>vulgaris</strong></span> <span class='ocrx_word' id='word_1_301' title='bbox 1567 1906 1656 1956; x_wconf 87' lang='lat' dir='ltr'><strong>illa,</strong></span> <span class='ocrx_word' id='word_1_302' title='bbox 1702 1919 1808 1959; x_wconf 89' lang='lat' dir='ltr'><strong>quae</strong></span> <span class='ocrx_word' id='word_1_303' title='bbox 1851 1913 1915 1946; x_wconf 89' lang='lat' dir='ltr'><strong>est</strong></span> <span class='ocrx_word' id='word_1_304' title='bbox 1955 1906 1993 1946; x_wconf 87' lang='lat' dir='ltr'><strong>in</strong></span> <span class='ocrx_word' id='word_1_305' title='bbox 2037 1907 2174 1947; x_wconf 88' lang='lat' dir='ltr'><strong>Nocte</strong></span> <span class='ocrx_word' id='word_1_306' title='bbox 2218 1909 2389 1961; x_wconf 89' lang='lat' dir='ltr'><strong>eiusque</strong></span> 
     </span>
     <span class='ocr_line' id='line_1_25' title="bbox 194 1979 2389 2035; baseline 0 -13"><span class='ocrx_word' id='word_1_307' title='bbox 194 1980 414 2022; x_wconf 84' lang='lat' dir='ltr'><strong>comitibus</strong></span> <span class='ocrx_word' id='word_1_308' title='bbox 439 1979 834 2030; x_wconf 89' lang='lat' dir='ltr'><strong>commemorandis;</strong></span> <span class='ocrx_word' id='word_1_309' title='bbox 871 1988 911 2020; x_wconf 91' lang='lat' dir='ltr'><strong>et</strong></span> <span class='ocrx_word' id='word_1_310' title='bbox 936 1993 1033 2020; x_wconf 81' lang='lat' dir='ltr'><strong>vero</strong></span> <span class='ocrx_word' id='word_1_311' title='bbox 1059 1979 1092 2019; x_wconf 92' lang='lat' dir='ltr'><strong>si</strong></span> <span class='ocrx_word' id='word_1_312' title='bbox 1116 1979 1245 2034; x_wconf 86' lang='lat' dir='ltr'><strong>prima</strong></span> <span class='ocrx_word' id='word_1_313' title='bbox 1276 1980 1415 2034; x_wconf 85' lang='lat' dir='ltr'><strong>specie</strong></span> <span class='ocrx_word' id='word_1_314' title='bbox 1451 1979 1612 2035; x_wconf 86' lang='lat' dir='ltr'><strong>decepti</strong></span> <span class='ocrx_word' id='word_1_315' title='bbox 1634 1987 1824 2035; x_wconf 85' lang='lat' dir='ltr'><strong>putemus</strong></span> <span class='ocrx_word' id='word_1_316' title='bbox 1858 1980 1936 2021; x_wconf 91' lang='lat' dir='ltr'><strong>iam</strong></span> <span class='ocrx_word' id='word_1_317' title='bbox 1976 1981 2112 2021; x_wconf 84' lang='lat' dir='ltr'><strong>omnia</strong></span> <span class='ocrx_word' id='word_1_318' title='bbox 2146 1982 2263 2035; x_wconf 80' lang='lat' dir='ltr'><strong>quasi</strong></span> <span class='ocrx_word' id='word_1_319' title='bbox 2290 1996 2389 2022; x_wconf 92' lang='lat' dir='ltr'><strong>con-</strong></span> 
     </span>
     <span class='ocr_line' id='line_1_26' title="bbox 193 2054 2388 2110; baseline 0 -14"><span class='ocrx_word' id='word_1_320' title='bbox 193 2056 412 2110; x_wconf 86' lang='lat' dir='ltr'><strong>quiescere</strong></span> <span class='ocrx_word' id='word_1_321' title='bbox 449 2062 491 2096; x_wconf 87' lang='lat' dir='ltr'><strong>et</strong></span> <span class='ocrx_word' id='word_1_322' title='bbox 525 2054 688 2096; x_wconf 88' lang='lat' dir='ltr'><strong>silentio</strong></span> <span class='ocrx_word' id='word_1_323' title='bbox 723 2054 888 2110; x_wconf 88' lang='lat' dir='ltr'><strong>sepeliri</strong></span> <span class='ocrx_word' id='word_1_324' title='bbox 923 2069 1014 2095; x_wconf 92' lang='lat' dir='ltr'><strong>cum</strong></span> <span class='ocrx_word' id='word_1_325' title='bbox 1051 2068 1131 2094; x_wconf 89' lang='lat' dir='ltr'><strong>nox</strong></span> <span class='ocrx_word' id='word_1_326' title='bbox 1165 2054 1326 2095; x_wconf 87' lang='lat' dir='ltr'><strong>accedit</strong></span> <span class='ocrx_word' id='word_1_327' title='bbox 1359 2061 1401 2095; x_wconf 89' lang='lat' dir='ltr'><strong>et</strong></span> <span class='ocrx_word' id='word_1_328' title='bbox 1436 2062 1635 2095; x_wconf 91' lang='lat' dir='ltr'><strong>nocturna</strong></span> <span class='ocrx_word' id='word_1_329' title='bbox 1658 2055 1793 2096; x_wconf 88' lang='lat' dir='ltr'><strong>sidera</strong></span> <span class='ocrx_word' id='word_1_330' title='bbox 1828 2064 1869 2096; x_wconf 90' lang='lat' dir='ltr'><strong>et</strong></span> <span class='ocrx_word' id='word_1_331' title='bbox 1891 2070 2057 2096; x_wconf 84' lang='lat' dir='ltr'><strong>somnus</strong></span> <span class='ocrx_word' id='word_1_332' title='bbox 2092 2070 2184 2097; x_wconf 91' lang='lat' dir='ltr'><strong>cum</strong></span> <span class='ocrx_word' id='word_1_333' title='bbox 2208 2056 2388 2108; x_wconf 86' lang='lat' dir='ltr'><strong>somniis,</strong></span> 
     </span>
     <span class='ocr_line' id='line_1_27' title="bbox 194 2129 2390 2186; baseline -0.001 -13"><span class='ocrx_word' id='word_1_334' title='bbox 194 2138 242 2173; x_wconf 86' lang='lat' dir='ltr'><strong>ut</strong></span> <span class='ocrx_word' id='word_1_335' title='bbox 276 2130 391 2186; x_wconf 91' lang='lat' dir='ltr'><strong>quod</strong></span> <span class='ocrx_word' id='word_1_336' title='bbox 426 2132 556 2171; x_wconf 88' lang='lat' dir='ltr'><strong>Varro</strong></span> <span class='ocrx_word' id='word_1_337' title='bbox 592 2131 788 2172; x_wconf 85' lang='lat' dir='ltr'><strong>Atacinus</strong></span> <span class='ocrx_word' id='word_1_338' title='bbox 824 2130 937 2181; x_wconf 87' lang='lat' dir='ltr'><strong>dixit,</strong></span> <span class='ocrx_word' id='word_1_339' title='bbox 972 2133 1106 2170; x_wconf 73' lang='lat' dir='ltr'><strong>omnia</strong></span> <span class='ocrx_word' id='word_1_340' title='bbox 1140 2133 1268 2170; x_wconf 69' lang='lat' dir='ltr'><strong>noctis</strong></span> <span class='ocrx_word' id='word_1_341' title='bbox 1299 2134 1383 2170; x_wconf 75' lang='lat' dir='ltr'><strong>sint</strong></span> <span class='ocrx_word' id='word_1_342' title='bbox 1410 2131 1580 2184; x_wconf 73' lang='lat' dir='ltr'><strong>placida</strong></span> <span class='ocrx_word' id='word_1_343' title='bbox 1615 2135 1815 2185; x_wconf 76' lang='lat' dir='ltr'><strong>composta</strong></span> <span class='ocrx_word' id='word_1_344' title='bbox 1849 2134 1995 2183; x_wconf 72' lang='lat' dir='ltr'><strong>quiete,</strong></span> <span class='ocrx_word' id='word_1_345' title='bbox 2044 2129 2163 2170; x_wconf 75' lang='lat' dir='ltr'><strong>facile</strong></span> <span class='ocrx_word' id='word_1_346' title='bbox 2197 2131 2390 2171; x_wconf 90' lang='lat' dir='ltr'><strong>concedi-</strong></span> 
     </span>
     <span class='ocr_line' id='line_1_28' title="bbox 195 2205 2387 2260; baseline -0.001 -12"><span class='ocrx_word' id='word_1_347' title='bbox 195 2221 285 2248; x_wconf 88' lang='lat' dir='ltr'><strong>mus</strong></span> <span class='ocrx_word' id='word_1_348' title='bbox 319 2213 435 2246; x_wconf 91' lang='lat' dir='ltr'><strong>recte</strong></span> <span class='ocrx_word' id='word_1_349' title='bbox 469 2208 507 2246; x_wconf 92' lang='lat' dir='ltr'><strong>in</strong></span> <span class='ocrx_word' id='word_1_350' title='bbox 542 2206 612 2246; x_wconf 86' lang='lat' dir='ltr'><strong>illo</strong></span> <span class='ocrx_word' id='word_1_351' title='bbox 648 2206 810 2246; x_wconf 90' lang='lat' dir='ltr'><strong>silentio</strong></span> <span class='ocrx_word' id='word_1_352' title='bbox 835 2207 966 2260; x_wconf 86' lang='lat' dir='ltr'><strong>ipsum</strong></span> <span class='ocrx_word' id='word_1_353' title='bbox 1003 2206 1124 2245; x_wconf 89' lang='lat' dir='ltr'><strong>etiam</strong></span> <span class='ocrx_word' id='word_1_354' title='bbox 1159 2213 1322 2259; x_wconf 87' lang='lat' dir='ltr'><strong>poetam</strong></span> <span class='ocrx_word' id='word_1_355' title='bbox 1346 2206 1641 2246; x_wconf 90' lang='lat' dir='ltr'><strong>conticescere.</strong></span> <span class='ocrx_word' id='word_1_356' title='bbox 1708 2208 1760 2245; x_wconf 86' lang='lat' dir='ltr'><strong>At</strong></span> <span class='ocrx_word' id='word_1_357' title='bbox 1794 2220 1874 2244; x_wconf 92' lang='lat' dir='ltr'><strong>non</strong></span> <span class='ocrx_word' id='word_1_358' title='bbox 1908 2205 1986 2245; x_wconf 75' lang='lat' dir='ltr'><strong>fuit</strong></span> <span class='ocrx_word' id='word_1_359' title='bbox 2009 2219 2057 2244; x_wconf 91' lang='lat' dir='ltr'><strong>ea</strong></span> <span class='ocrx_word' id='word_1_360' title='bbox 2082 2206 2236 2246; x_wconf 80' lang='lat' dir='ltr'><strong>Tibulli</strong></span> <span class='ocrx_word' id='word_1_361' title='bbox 2259 2221 2387 2256; x_wconf 88' lang='lat' dir='ltr'><strong>mens,</strong></span> 
     </span>
     <span class='ocr_line' id='line_1_29' title="bbox 195 2280 2389 2334; baseline 0 -13"><span class='ocrx_word' id='word_1_362' title='bbox 195 2283 228 2321; x_wconf 87' lang='lat' dir='ltr'><strong>si</strong></span> <span class='ocrx_word' id='word_1_363' title='bbox 262 2289 380 2322; x_wconf 89' lang='lat' dir='ltr'><strong>recte</strong></span> <span class='ocrx_word' id='word_1_364' title='bbox 416 2280 689 2328; x_wconf 86' lang='lat' dir='ltr'><strong>attendimus;</strong></span> <span class='ocrx_word' id='word_1_365' title='bbox 746 2280 846 2334; x_wconf 91' lang='lat' dir='ltr'><strong>quid</strong></span> <span class='ocrx_word' id='word_1_366' title='bbox 881 2282 1017 2320; x_wconf 73' lang='lat' dir='ltr'><strong>enim?</strong></span> <span class='ocrx_word' id='word_1_367' title='bbox 1068 2295 1118 2319; x_wconf 88' lang='lat' dir='ltr'><strong>an</strong></span> <span class='ocrx_word' id='word_1_368' title='bbox 1154 2280 1348 2320; x_wconf 88' lang='lat' dir='ltr'><strong>credibile</strong></span> <span class='ocrx_word' id='word_1_369' title='bbox 1383 2288 1468 2330; x_wconf 84' lang='lat' dir='ltr'><strong>est,</strong></span> <span class='ocrx_word' id='word_1_370' title='bbox 1504 2295 1612 2333; x_wconf 91' lang='lat' dir='ltr'><strong>quae</strong></span> <span class='ocrx_word' id='word_1_371' title='bbox 1647 2288 1768 2320; x_wconf 88' lang='lat' dir='ltr'><strong>antea</strong></span> <span class='ocrx_word' id='word_1_372' title='bbox 1801 2281 1840 2319; x_wconf 90' lang='lat' dir='ltr'><strong>in</strong></span> <span class='ocrx_word' id='word_1_373' title='bbox 1876 2280 2110 2320; x_wconf 85' lang='lat' dir='ltr'><strong>universum</strong></span> <span class='ocrx_word' id='word_1_374' title='bbox 2146 2280 2198 2320; x_wconf 91' lang='lat' dir='ltr'><strong>de</strong></span> <span class='ocrx_word' id='word_1_375' title='bbox 2232 2282 2389 2321; x_wconf 88' lang='lat' dir='ltr'><strong>Amoris</strong></span> 
     </span>
     <span class='ocr_line' id='line_1_30' title="bbox 193 2353 2390 2410; baseline -0 -14"><span class='ocrx_word' id='word_1_376' title='bbox 193 2355 381 2410; x_wconf 89' lang='lat' dir='ltr'><strong>potentia</strong></span> <span class='ocrx_word' id='word_1_377' title='bbox 417 2353 579 2395; x_wconf 89' lang='lat' dir='ltr'><strong>dixerat</strong></span> <span class='ocrx_word' id='word_1_378' title='bbox 613 2353 750 2409; x_wconf 89' lang='lat' dir='ltr'><strong>deque</strong></span> <span class='ocrx_word' id='word_1_379' title='bbox 798 2354 951 2409; x_wconf 91' lang='lat' dir='ltr'><strong>duplici</strong></span> <span class='ocrx_word' id='word_1_380' title='bbox 977 2355 1075 2394; x_wconf 53' lang='grc' dir='ltr'><strong>Χ8ἰ11ε</strong></span> <span class='ocrx_word' id='word_1_381' title='bbox 1109 2354 1169 2404; x_wconf 83' lang='lat' dir='ltr'><strong>vi,</strong></span> <span class='ocrx_word' id='word_1_382' title='bbox 1218 2367 1306 2394; x_wconf 91' lang='lat' dir='ltr'><strong>cum</strong></span> <span class='ocrx_word' id='word_1_383' title='bbox 1351 2361 1422 2395; x_wconf 87' lang='lat' dir='ltr'><strong>aut</strong></span> <span class='ocrx_word' id='word_1_384' title='bbox 1465 2355 1635 2394; x_wconf 88' lang='lat' dir='ltr'><strong>miseros</strong></span> <span class='ocrx_word' id='word_1_385' title='bbox 1678 2353 1838 2404; x_wconf 87' lang='lat' dir='ltr'><strong>reddit,</strong></span> <span class='ocrx_word' id='word_1_386' title='bbox 1883 2368 1988 2407; x_wconf 87' lang='lat' dir='ltr'><strong>quos</strong></span> <span class='ocrx_word' id='word_1_387' title='bbox 2030 2354 2212 2409; x_wconf 83' lang='lat' dir='ltr'><strong>graviter</strong></span> <span class='ocrx_word' id='word_1_388' title='bbox 2252 2361 2390 2410; x_wconf 85' lang='lat' dir='ltr'><strong>urget,</strong></span> 
     </span>
     <span class='ocr_line' id='line_1_31' title="bbox 192 2428 2390 2482; baseline -0.001 -13"><span class='ocrx_word' id='word_1_389' title='bbox 192 2437 268 2469; x_wconf 82' lang='lat' dir='ltr'><strong>aut</strong></span> <span class='ocrx_word' id='word_1_390' title='bbox 299 2430 466 2478; x_wconf 79' lang='lat' dir='ltr'><strong>felices,</strong></span> <span class='ocrx_word' id='word_1_391' title='bbox 510 2429 660 2482; x_wconf 88' lang='lat' dir='ltr'><strong>quibus</strong></span> <span class='ocrx_word' id='word_1_392' title='bbox 705 2429 892 2482; x_wconf 90' lang='lat' dir='ltr'><strong>placidus</strong></span> <span class='ocrx_word' id='word_1_393' title='bbox 938 2430 1085 2468; x_wconf 89' lang='lat' dir='ltr'><strong>leniter</strong></span> <span class='ocrx_word' id='word_1_394' title='bbox 1127 2428 1264 2477; x_wconf 83' lang='lat' dir='ltr'><strong>afflat,</strong></span> <span class='ocrx_word' id='word_1_395' title='bbox 1308 2443 1357 2469; x_wconf 88' lang='lat' dir='ltr'><strong>ea</strong></span> <span class='ocrx_word' id='word_1_396' title='bbox 1401 2430 1536 2469; x_wconf 89' lang='lat' dir='ltr'><strong>omnia</strong></span> <span class='ocrx_word' id='word_1_397' title='bbox 1578 2442 1660 2468; x_wconf 89' lang='lat' dir='ltr'><strong>non</strong></span> <span class='ocrx_word' id='word_1_398' title='bbox 1699 2429 1739 2467; x_wconf 90' lang='lat' dir='ltr'><strong>in</strong></span> <span class='ocrx_word' id='word_1_399' title='bbox 1781 2442 1868 2467; x_wconf 92' lang='lat' dir='ltr'><strong>rem</strong></span> <span class='ocrx_word' id='word_1_400' title='bbox 1910 2434 2171 2481; x_wconf 86' lang='lat' dir='ltr'><strong>praesentem</strong></span> <span class='ocrx_word' id='word_1_401' title='bbox 2205 2428 2390 2468; x_wconf 87' lang='lat' dir='ltr'><strong>adhiberi</strong></span> 
     </span>
     <span class='ocr_line' id='line_1_32' title="bbox 193 2501 2389 2557; baseline -0 -15"><span class='ocrx_word' id='word_1_402' title='bbox 193 2503 315 2543; x_wconf 89' lang='lat' dir='ltr'><strong>aliter</strong></span> <span class='ocrx_word' id='word_1_403' title='bbox 347 2503 422 2543; x_wconf 89' lang='lat' dir='ltr'><strong>nisi</strong></span> <span class='ocrx_word' id='word_1_404' title='bbox 456 2503 535 2553; x_wconf 88' lang='lat' dir='ltr'><strong>ita,</strong></span> <span class='ocrx_word' id='word_1_405' title='bbox 571 2510 618 2542; x_wconf 92' lang='lat' dir='ltr'><strong>ut</strong></span> <span class='ocrx_word' id='word_1_406' title='bbox 653 2510 695 2543; x_wconf 91' lang='lat' dir='ltr'><strong>et</strong></span> <span class='ocrx_word' id='word_1_407' title='bbox 728 2503 917 2543; x_wconf 85' lang='lat' dir='ltr'><strong>Tibullus</strong></span> <span class='ocrx_word' id='word_1_408' title='bbox 951 2509 1149 2557; x_wconf 88' lang='lat' dir='ltr'><strong>precetur</strong></span> <span class='ocrx_word' id='word_1_409' title='bbox 1183 2501 1325 2553; x_wconf 90' lang='lat' dir='ltr'><strong>deum,</strong></span> <span class='ocrx_word' id='word_1_410' title='bbox 1362 2512 1401 2543; x_wconf 90' lang='lat' dir='ltr'><strong>et</strong></span> <span class='ocrx_word' id='word_1_411' title='bbox 1434 2503 1616 2557; x_wconf 88' lang='lat' dir='ltr'><strong>reliquos</strong></span> <span class='ocrx_word' id='word_1_412' title='bbox 1651 2502 1727 2542; x_wconf 89' lang='lat' dir='ltr'><strong>sibi</strong></span> <span class='ocrx_word' id='word_1_413' title='bbox 1762 2517 1966 2556; x_wconf 87' lang='lat' dir='ltr'><strong>quemque</strong></span> <span class='ocrx_word' id='word_1_414' title='bbox 2008 2516 2157 2555; x_wconf 75' lang='lat' dir='ltr'><strong>vocare</strong></span> <span class='ocrx_word' id='word_1_415' title='bbox 2200 2517 2294 2542; x_wconf 91' lang='lat' dir='ltr'><strong>eum</strong></span> <span class='ocrx_word' id='word_1_416' title='bbox 2327 2503 2389 2541; x_wconf 91' lang='lat' dir='ltr'><strong>iu—</strong></span> 
     </span>
     <span class='ocr_line' id='line_1_33' title="bbox 193 2577 2390 2633; baseline -0 -17"><span class='ocrx_word' id='word_1_417' title='bbox 193 2579 320 2617; x_wconf 77' lang='lat' dir='ltr'><strong>beat?</strong></span> <span class='ocrx_word' id='word_1_418' title='bbox 354 2579 433 2616; x_wconf 91' lang='lat' dir='ltr'><strong>imo</strong></span> <span class='ocrx_word' id='word_1_419' title='bbox 467 2579 558 2632; x_wconf 88' lang='lat' dir='ltr'><strong>ipse</strong></span> <span class='ocrx_word' id='word_1_420' title='bbox 592 2579 690 2617; x_wconf 87' lang='lat' dir='ltr'><strong>satis</strong></span> <span class='ocrx_word' id='word_1_421' title='bbox 724 2578 944 2633; x_wconf 83' lang='lat' dir='ltr'><strong>significat,</strong></span> <span class='ocrx_word' id='word_1_422' title='bbox 977 2592 1059 2616; x_wconf 92' lang='lat' dir='ltr'><strong>non</strong></span> <span class='ocrx_word' id='word_1_423' title='bbox 1094 2578 1133 2616; x_wconf 92' lang='lat' dir='ltr'><strong>in</strong></span> <span class='ocrx_word' id='word_1_424' title='bbox 1168 2577 1245 2616; x_wconf 89' lang='lat' dir='ltr'><strong>hoc</strong></span> <span class='ocrx_word' id='word_1_425' title='bbox 1281 2584 1375 2616; x_wconf 86' lang='lat' dir='ltr'><strong>voto</strong></span> <span class='ocrx_word' id='word_1_426' title='bbox 1409 2592 1454 2616; x_wconf 89' lang='lat' dir='ltr'><strong>se</strong></span> <span class='ocrx_word' id='word_1_427' title='bbox 1488 2579 1776 2630; x_wconf 85' lang='lat' dir='ltr'><strong>acquiescere;</strong></span> <span class='ocrx_word' id='word_1_428' title='bbox 1813 2591 1906 2615; x_wconf 91' lang='lat' dir='ltr'><strong>cum</strong></span> <span class='ocrx_word' id='word_1_429' title='bbox 1949 2577 2054 2615; x_wconf 89' lang='lat' dir='ltr'><strong>enim</strong></span> <span class='ocrx_word' id='word_1_430' title='bbox 2086 2585 2207 2616; x_wconf 88' lang='lat' dir='ltr'><strong>antea</strong></span> <span class='ocrx_word' id='word_1_431' title='bbox 2238 2577 2390 2615; x_wconf 81' lang='lat' dir='ltr'><strong>voluis—</strong></span> 
     </span>
     <span class='ocr_line' id='line_1_34' title="bbox 193 2643 2389 2706; baseline -0 -14"><span class='ocrx_word' id='word_1_432' title='bbox 193 2658 259 2693; x_wconf 87' lang='lat' dir='ltr'><strong>set</strong></span> <span class='ocrx_word' id='word_1_433' title='bbox 297 2651 402 2693; x_wconf 89' lang='lat' dir='ltr'><strong>clam</strong></span> <span class='ocrx_word' id='word_1_434' title='bbox 447 2652 521 2693; x_wconf 88' lang='lat' dir='ltr'><strong>sibi</strong></span> <span class='ocrx_word' id='word_1_435' title='bbox 564 2666 771 2706; x_wconf 88' lang='lat' dir='ltr'><strong>quemque</strong></span> <span class='ocrx_word' id='word_1_436' title='bbox 807 2651 928 2693; x_wconf 91' lang='lat' dir='ltr'><strong>deum</strong></span> <span class='ocrx_word' id='word_1_437' title='bbox 972 2643 1191 2700; x_wconf 81' lang='lat' dir='ltr'><strong>advocare,</strong></span> <span class='ocrx_word' id='word_1_438' title='bbox 1225 2652 1302 2692; x_wconf 90' lang='lat' dir='ltr'><strong>iam</strong></span> <span class='ocrx_word' id='word_1_439' title='bbox 1338 2652 1546 2705; x_wconf 89' lang='lat' dir='ltr'><strong>permittit,</strong></span> <span class='ocrx_word' id='word_1_440' title='bbox 1581 2658 1627 2692; x_wconf 89' lang='lat' dir='ltr'><strong>ut</strong></span> <span class='ocrx_word' id='word_1_441' title='bbox 1660 2650 1702 2691; x_wconf 92' lang='lat' dir='ltr'><strong>id</strong></span> <span class='ocrx_word' id='word_1_442' title='bbox 1737 2651 1858 2692; x_wconf 91' lang='lat' dir='ltr'><strong>etiam</strong></span> <span class='ocrx_word' id='word_1_443' title='bbox 1882 2651 2015 2706; x_wconf 90' lang='lat' dir='ltr'><strong>palam</strong></span> <span class='ocrx_word' id='word_1_444' title='bbox 2047 2650 2217 2701; x_wconf 81' lang='lat' dir='ltr'><strong>faciant;</strong></span> <span class='ocrx_word' id='word_1_445' title='bbox 2250 2652 2389 2705; x_wconf 82' lang='lat' dir='ltr'><strong>itaque</strong></span> 
     </span>
     <span class='ocr_line' id='line_1_35' title="bbox 193 2725 2390 2782; baseline 0 -15"><span class='ocrx_word' id='word_1_446' title='bbox 193 2726 383 2769; x_wconf 83' lang='lat' dir='ltr'><strong>laxantur</strong></span> <span class='ocrx_word' id='word_1_447' title='bbox 416 2727 494 2768; x_wconf 90' lang='lat' dir='ltr'><strong>iam</strong></span> <span class='ocrx_word' id='word_1_448' title='bbox 529 2727 807 2769; x_wconf 81' lang='lat' dir='ltr'><strong>verecundiae</strong></span> <span class='ocrx_word' id='word_1_449' title='bbox 841 2726 958 2769; x_wconf 79' lang='lat' dir='ltr'><strong>frena</strong></span> <span class='ocrx_word' id='word_1_450' title='bbox 992 2736 1034 2769; x_wconf 87' lang='lat' dir='ltr'><strong>et</strong></span> <span class='ocrx_word' id='word_1_451' title='bbox 1059 2727 1314 2782; x_wconf 87' lang='lat' dir='ltr'><strong>obstrepenti</strong></span> <span class='ocrx_word' id='word_1_452' title='bbox 1348 2726 1494 2769; x_wconf 82' lang='lat' dir='ltr'><strong>turbae</strong></span> <span class='ocrx_word' id='word_1_453' title='bbox 1529 2727 1699 2768; x_wconf 85' lang='lat' dir='ltr'><strong>iocosae</strong></span> <span class='ocrx_word' id='word_1_454' title='bbox 1733 2726 1839 2768; x_wconf 88' lang='lat' dir='ltr'><strong>inter</strong></span> <span class='ocrx_word' id='word_1_455' title='bbox 1871 2726 2136 2768; x_wconf 88' lang='lat' dir='ltr'><strong>laetissimum</strong></span> <span class='ocrx_word' id='word_1_456' title='bbox 2163 2725 2287 2766; x_wconf 86' lang='lat' dir='ltr'><strong>tibiae</strong></span> <span class='ocrx_word' id='word_1_457' title='bbox 2321 2740 2390 2767; x_wconf 85' lang='lat' dir='ltr'><strong>so-</strong></span> 
     </span>
     <span class='ocr_line' id='line_1_36' title="bbox 189 2801 2390 2856; baseline -0.001 -13"><span class='ocrx_word' id='word_1_458' title='bbox 189 2815 289 2843; x_wconf 87' lang='lat' dir='ltr'><strong>num</strong></span> <span class='ocrx_word' id='word_1_459' title='bbox 323 2803 412 2856; x_wconf 89' lang='lat' dir='ltr'><strong>ipse</strong></span> <span class='ocrx_word' id='word_1_460' title='bbox 447 2809 573 2856; x_wconf 86' lang='lat' dir='ltr'><strong>poeta</strong></span> <span class='ocrx_word' id='word_1_461' title='bbox 608 2803 804 2843; x_wconf 87' lang='lat' dir='ltr'><strong>concedit</strong></span> <span class='ocrx_word' id='word_1_462' title='bbox 837 2810 882 2843; x_wconf 91' lang='lat' dir='ltr'><strong>ut</strong></span> <span class='ocrx_word' id='word_1_463' title='bbox 914 2803 994 2842; x_wconf 92' lang='lat' dir='ltr'><strong>iam</strong></span> <span class='ocrx_word' id='word_1_464' title='bbox 1030 2802 1210 2856; x_wconf 81' lang='lat' dir='ltr'><strong>apertius</strong></span> <span class='ocrx_word' id='word_1_465' title='bbox 1246 2803 1352 2842; x_wconf 89' lang='lat' dir='ltr'><strong>inter</strong></span> <span class='ocrx_word' id='word_1_466' title='bbox 1385 2816 1429 2841; x_wconf 85' lang='lat' dir='ltr'><strong>se</strong></span> <span class='ocrx_word' id='word_1_467' title='bbox 1464 2801 1627 2853; x_wconf 81' lang='lat' dir='ltr'><strong>ludant3</strong></span> <span class='ocrx_word' id='word_1_468' title='bbox 1662 2801 1741 2841; x_wconf 91' lang='lat' dir='ltr'><strong>iam</strong></span> <span class='ocrx_word' id='word_1_469' title='bbox 1776 2802 1895 2852; x_wconf 89' lang='lat' dir='ltr'><strong>enim,</strong></span> <span class='ocrx_word' id='word_1_470' title='bbox 1928 2801 2073 2854; x_wconf 87' lang='lat' dir='ltr'><strong>inquit,</strong></span> <span class='ocrx_word' id='word_1_471' title='bbox 2109 2801 2204 2840; x_wconf 91' lang='lat' dir='ltr'><strong>Nox</strong></span> <span class='ocrx_word' id='word_1_472' title='bbox 2241 2815 2390 2856; x_wconf 89' lang='lat' dir='ltr'><strong>appro—</strong></span> 
     </span>
    </p>
   </div>
   <div class='ocr_carea' id='block_1_3' title="bbox 2652 746 2681 887">
    <p class='ocr_par' dir='ltr' id='par_1_3' title="bbox 2652 746 2681 887">
     <span class='ocr_line' id='line_1_37' title="bbox 2652 746 2681 887; textangle 90"><span class='ocrx_word' id='word_1_473' title='bbox 2654 820 2681 887; x_wconf 48' lang='lat' dir='ltr'><strong>Qk-</strong></span> <span class='ocrx_word' id='word_1_474' title='bbox 2652 746 2670 755; x_wconf 78' lang='lat'><strong>‘⁸</strong></span> 
     </span>
    </p>
   </div>
  </div>
 </body>
</html>
