2681 3224
1243 184 1275 228 4

141 302 264 359 'ratio
298 331 348 358 ac
381 322 549 366 natura,
583 322 631 356 ut
665 329 741 357 eos
775 314 966 370 quidem,
1007 316 1079 370 qui
1112 329 1193 356 non
1225 328 1301 369 per
1334 314 1539 370 ignaviam
1579 314 1659 355 levi
1701 314 1838 369 aliqua
1879 316 2156 359 delectatione
2196 325 2359 374 tempus

158 391 303 433 fallere
346 391 410 432 vel
451 392 612 431 inanem
656 390 793 431 variae
836 389 1086 445 cognitionis
1130 388 1308 444 speciem
1350 396 1517 443 captare
1575 389 1673 429 satis
1718 388 1893 442 babent,
1935 391 2012 433 sed
2046 392 2115 446 qui
2147 407 2357 448 generoso

161 466 297 507 animo
332 466 461 521 ipsam
494 478 620 505 verae
663 464 861 505 scientiae
904 463 1150 518 solidaeque
1191 463 1431 504 eruditionis
1477 463 1769 517 praestantiam
1812 466 2142 520 amplectuntur,
2179 467 2359 508 difficilia

162 526 294 583 multo
328 541 458 597 magis
493 539 674 581 alliciant
708 531 829 594 quain
862 537 997 580 facilia
1031 547 1073 580 et
1107 553 1198 580 cum
1230 537 1373 579 labore
1408 545 1570 579 crescat
1591 553 1707 579 amor
1728 538 1855 580 studii
1889 548 1932 582 et
1963 541 2154 584 dulcedo.
2222 543 2356 584 Nobis

162 598 263 658 ‘vere
308 631 390 657 non
423 630 473 656 ea
505 616 665 657 vanitas
701 623 786 666 est,
821 622 868 656 ut
900 614 940 655 in
974 621 1179 669 perpetuo
1212 613 1292 654 boc
1328 613 1444 669 quasi
1479 629 1604 656 cursu
1626 614 1826 656 litterario
1859 615 1937 658 iam
1972 617 2025 658 ad
2059 625 2207 660 metam
2239 618 2356 673 primi

161 692 282 733 nobis
316 690 553 746 pervenisse
586 690 819 740 videamur,
846 689 921 730 sed
958 690 1191 745 quam‘ipsi
1223 696 1391 730 strenue
1424 689 1592 730 serimus
1627 690 1829 744 lampada,
1865 706 1954 732 eam
1990 695 2104 735 vobis
2142 694 2198 734 ita
2231 694 2357 734 tradi-

161 781 254 807 mus
299 774 342 806 ut
380 766 591 821 integrato
634 766 777 805 labore
817 764 984 818 longius
1033 764 1175 805 feratis
1202 750 1426 814 ardentem,
1471 763 1605 804 donec
1645 765 1761 804 vobis
1808 780 1977 820 quoque
2028 769 2122 808 novi
2167 783 2357 809 cursores

166 840 413 889 succedant;
458 841 497 880 in
534 855 617 893 quo
662 839 885 880 certamine
930 846 977 880 ut
1020 839 1133 880 nulla
1166 853 1309 879 eorum
1341 839 1430 880 laus
1465 846 1549 889 est,
1595 839 1666 894 qui
1699 838 1882 881 laborem
1915 826 2124 897 fugientes
2158 843 2198 885 in
2230 843 2357 884 herba

164 914 368 956 recubare
401 914 559 955 malunt
595 916 716 968 quam
752 926 937 964 currere,
972 913 1028 954 ita
1063 928 1137 953 vos
1172 912 1356 967 cupimus
1390 927 1471 953 non
1507 927 1582 967 per
1614 913 1802 955 inertiam
1836 914 1874 954 in
1900 916 2026 956 verba
2048 923 2190 958 nostra
2221 918 2356 958 iurare

164 997 397 1030 nostramve
431 990 723 1031 auctoritatem
756 989 879 1029 vestri
914 988 1055 1030 iudicii
1079 996 1335 1042 -vestraeque
1369 989 1648 1043 persuasionis
1684 989 1778 1030 loco
1813 989 1990 1041 habere;
2027 1007 2105 1033 nec
2137 992 2239 1034 falsa
2283 1007 2355 1033 vos

166 1064 352 1105 volumus
386 1062 618 1105 modestiae
651 1063 792 1118 specie
826 1062 1001 1113 abduci,
1049 1077 1157 1117 quae
1192 1049 1315 1117 saepe
1351 1062 1534 1104 desidiae
1569 1063 1840 1105 velamentum
1875 1073 1957 1115 est,
1994 1067 2110 1120 quasi
2144 1081 2240 1108 vero
2273 1081 2354 1108 non

163 1137 342 1180 infinitus
377 1138 416 1179 in
453 1139 563 1179 omni
597 1138 768 1179 scientia
801 1151 1042 1193 magnarum
1077 1151 1375 1192 parvarumque
1408 1152 1543 1179 rerum
1578 1152 1771 1179 numerus
1805 1138 1881 1189 sit,
1917 1140 1955 1180 in
1991 1141 2139 1195 quibus
2174 1142 2236 1182 vel
2269 1156 2354 1181 me-

169 1213 324 1254 diocria
357 1213 526 1268 ingenia
560 1220 604 1254 et
636 1213 813 1263 tirones,
847 1213 972 1253 modo
1007 1212 1170 1253 sincero
1213 1212 1381 1254 etforti
1425 1214 1557 1253 animo
1601 1227 1741 1253 verum
1784 1223 2006 1267 quaerant,
2052 1217 2209 1270 possint
2250 1218 2355 1256 bene

166 1288 352 1329 merendi
387 1288 599 1329 materiam
632 1288 829 1342 reperire.
898 1288 991 1328 Nec
1024 1287 1141 1327 vobis
1178 1286 1341 1327 difficile
1375 1288 1464 1338 erit,
1505 1289 1538 1327 si
1571 1289 1610 1328 in
1645 1303 1721 1328 suo
1757 1288 1934 1342 quisque
1968 1290 2107 1330 studio
2140 1289 2355 1330 attendere

167 1362 395 1413 volueritis,
428 1361 626 1416 exemplis
650 1374 924 1417 cognoscere,
958 1361 1151 1415 quotiens
1176 1361 1391 1402 doctorum
1425 1362 1603 1402 virorum
1638 1376 1801 1402 errores
1838 1362 1908 1402 diu
1943 1364 2163 1418 propagati
2199 1365 2278 1404 sint
2312 1372 2356 1404 et

164 1439 371 1493 neglecti,
415 1438 607 1491 quotiens
644 1437 822 1491 denique
855 1445 950 1491 post
981 1437 1155 1492 longum
1187 1444 1346 1491 tempus
1379 1437 1548 1487 sublati,
1596 1437 1722 1491 idque
1757 1452 1883 1491 saepe
1918 1438 1968 1477 ab
2004 1439 2050 1478 iis
2086 1439 2154 1492 qui
2186 1439 2355 1494 ingenio

166 1520 209 1553 et
242 1512 431 1553 doctrina
466 1514 618 1552 erroris
653 1512 891 1553 auctoribus
924 1512 1052 1566 longe
1088 1511 1301 1553 inferiores
1336 1520 1488 1553 essent.

291 1587 493 1643 Exempla
525 1587 623 1629 talia
655 1586 767 1629 haud
804 1601 937 1642 pauca
971 1586 1146 1643 praebet
1178 1586 1213 1628 Ι.
1247 1585 1279 1628 Ι.
1316 1586 1526 1643 Scaliger,
1573 1586 1642 1642 qui
1686 1585 1820 1628 divino
1856 1601 1988 1641 paene
2022 1587 2081 1627 vir
2113 1587 2278 1643 ingenio
2312 1594 2355 1629 et

165 1664 353 1705 doctrina
395 1663 620 1705 admirabili
662 1678 740 1704 nec
784 1663 941 1704 minore
986 1664 1049 1704 sui
1091 1662 1243 1703 fiducia
1283 1670 1435 1703 tantam
1478 1663 1766 1704 auctoritatem
1812 1663 1986 1717 adeptus
2029 1671 2113 1714 est,
2165 1671 2210 1704 ut
2248 1664 2355 1704 inter

165 1738 483 1779 clarissimorum
519 1738 603 1778 eius
639 1752 812 1793 operum
848 1738 1159 1778 admirationem
1195 1751 1354 1777 errores
1389 1738 1503 1777 multi
1536 1738 1623 1792 pari
1648 1738 1913 1778 veneratione
1937 1738 2196 1787 colerentur3
2229 1739 2353 1778 veluti

164 1813 317 1854 accidit
349 1814 388 1853 in
422 1812 576 1853 Tibulli
611 1814 870 1859 carminibus,
906 1827 1013 1867 quae
1048 1813 1116 1853 ille
1151 1826 1393 1866 quamquam
1430 1812 1539 1852 haud
1581 1813 1720 1865 paucis
1764 1813 1865 1852 locis
1917 1813 2126 1866 praeclare
2162 1812 2352 1853 emenda-

163 1889 232 1938 vit,
266 1889 384 1927 simul
417 1896 552 1927 tamen
586 1889 688 1927 miro
733 1888 913 1941 quodam
957 1888 1119 1942 egregii
1161 1888 1354 1927 acuminis
1399 1888 1530 1928 abusu
1572 1889 1814 1942 gravissime
1852 1888 2062 1941 corrupit;
2115 1902 2207 1928 cum
2248 1889 2353 1929 enim

162 1977 243 2003 non
279 1962 367 2004 sine
391 1977 517 2003 causa
541 1962 732 2003 crederet
757 1962 912 2003 Tibulli
937 1977 1128 2003 versuum
1152 1976 1233 2002 non
1257 1962 1447 2017 exiguam
1471 1969 1628 2017 partem
1660 1962 1983 2017 transpositione
2024 1969 2066 2002 et
2111 1961 2352 2006 confusione

162 2038 369 2087 laborare,
406 2052 546 2078 versus
582 2038 777 2091 plurimos
813 2037 1086 2078 audacissime
1120 2038 1290 2082 traiecit,
1332 2037 1439 2077 adeo
1475 2037 1637 2091 quidem
1682 2045 1728 2078 ut
1769 2039 1858 2092 ipse
1902 2037 2103 2078 fateretur
2144 2037 2197 2076 ad
2231 2051 2350 2079 carm.

161 2113 198 2163 I,
237 2115 277 2163 l,
313 2114 387 2164 58,
422 2112 633 2167 quomodo
668 2112 771 2154 haec
804 2127 880 2153 suo
915 2112 1009 2153 loco
1045 2112 1186 2153 luxata
1218 2111 1381 2162 fuerint,
1416 2111 1570 2152 facilius
1606 2126 1697 2153 esse
1732 2112 1865 2153 mirari
1909 2126 2028 2166 quam
2064 2112 2150 2151 eius
2195 2111 2254 2151 rei
2286 2125 2351 2152 ra—

163 2187 316 2228 tionem
350 2186 542 2228 reddere.
613 2187 742 2228 Simul
777 2175 988 2242 professus
1024 2195 1102 2237 cst,
1137 2201 1229 2227 cum
1272 2202 1295 2227 e
1336 2188 1452 2242 gravi
1487 2188 1719 2228 valetudine
1761 2189 1825 2227 vix
1871 2189 2084 2228 restitutus
2118 2187 2351 2240 graviorum

162 2261 395 2303 studiorum
428 2261 610 2302 nondum
645 2275 775 2316 capax
811 2269 944 2312 esset,
980 2262 1088 2302 forte
1122 2276 1167 2301 se
1203 2261 1392 2301 incidisse
1436 2263 1473 2301 in
1519 2262 1748 2312 Catullum,
1794 2262 2026 2310 Tibullum,
2069 2261 2350 2315 Propertium:

161 2336 429 2377 recensendis
464 2344 601 2376 autem
634 2338 765 2377 tribus
799 2339 932 2390 poetis
967 2352 1018 2376 ne
1054 2351 1179 2377 unum
1214 2336 1377 2389 quidem
1411 2352 1457 2377 se
1491 2352 1671 2377 mensem
1693 2337 1942 2391 impendisse
1977 2336 2056 2375 deo
2092 2336 2211 2375 etiam
2245 2344 2365 2377 teste·
2412 2375 2415 2378 .
2450 2351 2456 2354 ·

160 2411 330 2452 laudato
376 2410 611 2461 affirmavit,
656 2418 780 2465 atque
824 2425 874 2451 ex
918 2425 968 2450 eo
1004 2425 1145 2450 mense
1181 2411 1320 2465 viginti
1362 2410 1448 2450 dies
1488 2411 1714 2451 scribendis
1759 2409 2169 2451 commentationibus
2201 2410 2350 2451 criticis

159 2485 278 2525 datos
297 2475 413 2534 ‘essm
437 2499 567 2538 quare
585 2499 831 2538 quamquam
850 2486 970 2525 facile
988 2494 1077 2525 erat
1099 2486 1297 2539 suspicari
1314 2486 1353 2525 in
1370 2486 1437 2525 illa
1456 2485 1688 2526 valetudine
1706 2493 1748 2526 et
1766 2487 1803 2526 in
1824 2492 1938 2526 tanta
1960 2484 2217 2525 festinatione
2239 2499 2349 2526 sum-

156 2574 267 2600 mum
285 2560 413 2601 virum
431 2561 482 2601 ab
502 2575 645 2601 errore
663 2560 739 2601 sibi
756 2575 838 2601 non
858 2559 979 2614 plane
997 2575 1146 2601 cavere
1164 2560 1347 2613 potuisse
1364 2575 1413 2601 ac
1424 2559 1579 2602 Tibulli
1598 2560 1769 2601 maxime
1789 2559 1967 2601 carmina
1984 2572 2065 2599 non
2084 2564 2165 2599 tam
2184 2558 2350 2602 criticae

157 2635 256 2677 artis
291 2649 436 2676 severa
469 2635 566 2692 lege
601 2636 825 2677 constituta
860 2650 952 2676 esse
987 2650 1109 2691 quam
1144 2634 1324 2690 quodam
1348 2635 1501 2691 ingenii
1524 2635 1631 2685 lusu,
1666 2636 1781 2675 cuius
1806 2636 1910 2676 ratio
1935 2632 2053 2674 reddi
2088 2647 2167 2673 non
2192 2641 2349 2688 posset,

156 2717 316 2761 tamen,
360 2725 451 2751 cum
485 2725 571 2750 rem
604 2711 712 2751 illam
762 2712 816 2751 ita
861 2711 1119 2765 perspicuam
1163 2726 1255 2752 esse
1295 2718 1594 2761 asseverasset,
1655 2719 1700 2755 ut
1751 2726 1841 2751 eam
1877 2723 2032 2765 negare
2069 2707 2225 2749 diceret
2259 2724 2350 2750 esse

155 2785 399 2826 caecitatem
425 2785 564 2826 'oculis
598 2785 683 2825 suis
718 2785 999 2835 consciscere,
1046 2785 1206 2826 CXXX
1241 2785 1353 2827 annis
1386 2794 1482 2840 post
1515 2786 1547 2826 Ι.
1593 2786 1903 2837 Broukhusius‚
1949 2783 2076 2824 credo
2113 2797 2165 2823 ne
2199 2797 2348 2839 caecus

153 2858 378 2911 videretur,
411 2860 622 2914 ingentem
655 2860 845 2900 codicum
889 2875 984 2901 mss.
1029 2860 1188 2913 copiam
1231 2875 1331 2915 prae
1374 2861 1575 2915 Scaligeri
1619 2862 1867 2902 auctoritate
1909 2858 2063 2915 sprevit
2104 2858 2350 2913 reliquitque
