2667 3242
766 822 769 824 ’
840 805 1241 889 REGTOR
1283 818 1417 887 ET
1463 817 1922 890 SENATIJS

993 967 1041 1026 S.
1077 967 1129 1026 P.
1165 966 1763 1028 1).00MM1L1TON113US.

291 1223 441 1305 Quod
475 1259 600 1299 saepe
634 1243 784 1284 multos
831 1250 1033 1295 vestrum,
1080 1244 1373 1287 commilitones
1414 1244 1712 1295 humanissimi,
1757 1251 2059 1299 conquerentes
2099 1251 2184 1285 tum
2226 1246 2469 1298 audivimus,

291 1336 384 1362 cum
418 1320 471 1360 ad
505 1321 624 1360 finem
659 1318 747 1359 fere
782 1318 1114 1359 academicorum
1148 1319 1374 1359 studiorum
1408 1326 1695 1374 pervenerant,
1730 1320 1903 1373 periisse
1926 1320 2003 1359 sibi
2025 1319 2142 1372 quasi
2175 1320 2263 1360 viae
2290 1321 2472 1373 quodam

291 1410 431 1436 errore
466 1401 509 1434 et
542 1393 697 1434 consilii
739 1394 1007 1447 perversitate
1049 1408 1239 1448 magnam
1272 1395 1489 1448 temporis,
1523 1408 1797 1449 magnamque
1831 1394 1982 1434 laboris
2015 1401 2193 1448 partem,
2237 1395 2277 1435 id
2311 1410 2364 1436 ne
2398 1410 2470 1435 vo—

290 1471 349 1510 bis
385 1468 558 1519 accidat,
594 1482 667 1523 pro
702 1483 747 1508 se
783 1468 955 1523 quisque
989 1467 1216 1522 prudenter
1250 1475 1292 1509 et
1325 1468 1543 1524 diligenter
1564 1468 1781 1524 providere
1805 1468 1949 1516 debet;
1983 1483 2112 1523 quare
2145 1483 2237 1509 cum
2270 1469 2470 1511 tradimus

290 1545 405 1585 vobis
448 1543 812 1598 locupletissimum
858 1543 1088 1583 scholarum
1124 1558 1244 1584 omne
1277 1558 1407 1599 genus
1441 1543 1638 1594 indicem,
1679 1558 1785 1597 quae
1819 1544 1858 1584 in
1892 1543 2117 1597 proximam
2151 1550 2352 1585 aestatem
2385 1552 2471 1585 stu-

292 1619 365 1659 diis
400 1619 545 1659 vestris
582 1618 830 1668 offeruntur,
873 1617 1137 1658 vehementer
1178 1618 1405 1669 hortamur,
1450 1625 1496 1659 ut
1538 1625 1580 1659 et
1621 1625 1735 1658 recte
1770 1617 1931 1673 eligatis
1965 1631 2073 1671 quae
2107 1618 2258 1672 cuique
2292 1625 2472 1660 vestrum

290 1694 353 1733 vel
387 1694 619 1733 necessaria
653 1692 714 1731 vel
750 1692 863 1731 utilia
898 1693 1067 1732 maxime
1103 1700 1236 1742 erunt,
1291 1701 1331 1733 et
1380 1693 1511 1733 electa
1546 1700 1593 1733 ut
1626 1701 1793 1733 strenue
1836 1700 1878 1732 et
1918 1693 2211 1733 convenienter
2243 1701 2498 1747 pertracte-·

291 1769 355 1807 tis.
422 1770 478 1807 Et
512 1768 563 1806 ad
599 1767 779 1820 eligendi
814 1767 979 1820 quidem
1014 1767 1272 1819 prudentiam
1308 1776 1449 1821 parata
1484 1769 1597 1806 vobis
1632 1775 1727 1806 sunt
1760 1774 2078 1820 praeceptorum
2112 1778 2338 1806 vestrorum
2372 1783 2468 1807 con·

290 1842 398 1892 silia,
444 1843 476 1881 si
517 1842 563 1880 iis
607 1842 664 1880 uti
708 1841 940 1890 volueritis,
988 1856 1094 1894 quae
1136 1856 1188 1880 ne
1238 1841 1400 1882 levitate
1435 1849 1506 1881 aut
1539 1842 1657 1881 nimia
1692 1841 1941 1881 confidentia
1975 1842 2176 1894 spernatis
2211 1857 2314 1882 neve
2347 1856 2471 1895 prava

290 1917 467 1970 quadam
499 1915 746 1956 verecundia
779 1915 1019 1969 refugiafis,
1057 1930 1315 1970 magnopere
1357 1916 1590 1956 suademus.
1659 1916 1706 1955 In
1752 1915 1798 1955 iis
1843 1930 1939 1956 vero
1976 1930 2081 1969 quae
2118 1915 2230 1955 vobis
2264 1923 2469 1969 tamquam

290 2004 416 2044 pensa
458 1989 495 2030 in
545 1997 744 2031 aestatem
785 1990 1010 2044 proximam
1054 1990 1363 2041 constitueritis,
1414 1998 1592 2031 vestrum
1635 1991 1733 2040 erit,
1786 1997 1831 2031 ut
1873 1996 2181 2044 praeceptorum
2232 1989 2469 2045 diligentiae

290 2079 430 2119 parem
464 2065 644 2106 afferatis
680 2066 948 2106 constantiam
985 2073 1027 2105 et
1061 2065 1329 2113 alacritatem;
1380 2079 1514 2119 neque
1558 2065 1661 2105 enim
1705 2071 1777 2104 aut
1811 2065 1923 2104 xobis
1957 2064 2149 2104 sufficere
2183 2064 2311 2104 videri
2345 2065 2470 2105 debet

290 2146 362 2178 aut
395 2140 511 2178 nobis
562 2141 733 2180 maxime
767 2141 932 2195 probari
982 2148 1120 2194 potest
1155 2155 1294 2180 eorum
1341 2140 1579 2189 assiduitas,
1631 2154 1803 2192 quorum
1838 2154 1941 2178 unus
1974 2139 2090 2178 labor
2123 2139 2161 2178 in
2197 2154 2248 2178 eo
2273 2140 2467 2190 cernitur,

291 2213 404 2266 quod
446 2214 595 2252 scholis
645 2216 794 2254 nostris
837 2215 982 2254 sedulo
1039 2215 1220 2254 assident
1261 2215 1466 2267 celerique
1507 2214 1661 2253 calamo
1706 2215 1829 2253 verba
1873 2222 2011 2252 nostra
2053 2213 2279 2266 excipiunt3
2332 2229 2469 2266 neque

241 2299 246 2306 ·
293 2289 411 2328 etiam
444 2288 544 2328 illud
579 2289 675 2329 satis
711 2297 796 2339 est,
831 2290 863 2329 si
898 2303 1003 2342 quae
1038 2289 1293 2340 audiveritis,
1327 2290 1522 2345 relegatis
1558 2289 1775 2343 diligenter
1809 2296 1851 2328 et
1884 2287 2103 2328 memoriae
2137 2287 2358 2338 mandetis,
2392 2288 2469 2329 nisi

292 2363 413 2402 etiam
446 2362 527 2402 hoc
560 2364 675 2403 vobis
710 2364 866 2418 negotii
900 2363 1039 2403 datum
1084 2378 1174 2403 esse
1208 2363 1408 2414 credetis,
1451 2370 1497 2403 ut
1531 2370 1665 2403 vestro
1701 2362 1881 2402 adhibito
1924 2361 2074 2402 iudicio
2117 2362 2367 2415 reliquisque
2409 2364 2473 2404 usi

292 2435 448 2475 auxiliis
483 2450 591 2490 quae
624 2438 739 2477 vobis
774 2437 1047 2477 bibliothecae
1082 2444 1124 2477 et
1157 2451 1299 2477 musea
1331 2444 1373 2477 et
1406 2438 1541 2477 variae
1575 2436 1809 2475 academiae
1844 2442 2011 2476 nostrae
2059 2450 2158 2489 opes
2194 2443 2236 2475 et
2268 2447 2468 2490 opportu-

271 2511 438 2549 -nitates
472 2512 684 2563 praebent,
716 2512 792 2564 ipsi
827 2525 889 2559 ea,
925 2525 1032 2563 quae
1067 2512 1179 2550 vobis
1214 2513 1425 2560 tradimus,
1462 2518 1653 2550 accurate
1688 2511 1957 2550 consideretis
1992 2517 2034 2548 et
2065 2511 2316 2560 examinetis,
2361 2520 2403 2550 et
2435 2513 2470 2551 si

293 2584 390 2639 quid
425 2583 498 2641 vel„
521 2586 756 2641 ambiguum
791 2584 855 2624 vel
889 2584 1108 2625 obscurum
1143 2584 1207 2625 vel
1243 2587 1362 2627 etiam
1397 2585 1543 2626 falsum
1577 2584 1702 2624 visum
1736 2583 1873 2633 suerit,
1913 2582 1954 2624 id
1989 2597 2070 2623 non
2103 2583 2304 2625 socordes
2337 2593 2470 2626 trans-

293 2660 458 2699 mittatis
493 2659 569 2699 sed
603 2660 822 2700 excutiatis
857 2660 1098 2715 diligenter,
1135 2660 1271 2701 donec
1304 2675 1379 2715 per
1413 2660 1623 2700 dubitandi
1657 2653 1705 2700 et¹
1731 2660 1955 2713 quaerendi
1987 2659 2169 2699 laborem
2205 2660 2471 2715 multiplicem

294 2733 537 2784 perveniatis
571 2733 622 2773 ad
656 2734 766 2774 illum
800 2734 1030 2774 studiorum
1064 2734 1242 2775 fructum
1277 2735 1590 2789 pulcherrimum
1625 2743 1665 2774 et
1687 2734 1991 2783 nobilissimum,
2026 2734 2096 2787 qui
2130 2741 2195 2774 est
2227 2735 2267 2774 in
2300 2736 2471 2776 ven‘tate

292 2814 406 2846 recte
440 2822 488 2847 ac
522 2809 687 2862 proprio
721 2809 864 2849 labore
915 2809 1099 2863 quaesita
1132 2816 1175 2849 et
1207 2809 1258 2849 ab
1294 2811 1401 2849 omni
1436 2817 1553 2864 parte
1587 2811 1765 2858 firmata;
1823 2808 1977 2849 scilicet
2009 2807 2113 2848 haec
2148 2817 2212 2849 est
2244 2810 2470 2850 studiorum

2170 2884 2226 2922 1*
