2681 3224
1159 178 1215 221 14

87 309 237 363 Itaque
270 306 462 348 Tibullus
496 289 716 360 postquam
751 306 888 361 primis
922 319 995 346 sex
1032 305 1214 347 versibus
1256 305 1468 361 professus
1521 312 1585 348 est
1628 306 1738 349 nolle
1781 322 1827 349 se
1867 308 2034 366 militiae
2073 310 2284 356 lahorfflm

88 382 211 424 ditari
227 381 321 423 vsed
354 395 508 437 cupere
539 381 590 441 in¹
614 388 862 436 paupertate
894 395 968 422 sua
1002 382 1123 422 vitam
1164 376 1336 423 inertem
1378 382 1632 438 transigere,
1673 396 1782 437 quae
1822 383 1943 427 nullis
1986 384 2285 430 minitantibu-

88 464 434 512 fiatur-rumpatur,
467 462 793 497 consentaneum
827 463 914 506 est,
946 456 1027 497 iam
1047 457 1197 497 inertis
1230 463 1273 497 et
1306 456 1473 511 quidem
1515 444 1708 499 rusticae'
1737 458 2131 516 vitaestsuayitaten,
2145 461 2284 515 mpii·

89 533 197 583 cari;
232 533 406 588 positam
439 537 581 573 autem
615 531 859 574 suavitatem
894 545 987 572 esse
1022 519 1277 573 manifestum
1311 538 1374 573 est
1407 538 1451 573 et
1482 532 1521 572 in
1555 532 1646 586 ipso
1681 532 1841 577 vivendi
1874 549 2033 588 genere
2067 543 2109 577 et
2141 536 2182 578 ia
2214 550 2281 579 se-
2351 574 2355 579 .

89 588 284 658 cui-itate,
317 608 351 648 si
374 619 540 662 parvum
563 605 622 657 id,
657 620 741 661 quo
765 611 989 646 contentus
1014 604 1148 647 vivere
1169 605 1252 647 vult
1273 613 1413 661 poeta,
1447 613 1613 661 praesto
1637 613 1765 662 atque
1794 615 2028 664 promptum
2060 611 2135 660 sit;
2169 610 2283 666 cupit

92 682 215 733 enim,
249 681 362 737 quod
394 682 433 721 in
466 681 549 721 fine
585 681 696 730 dicit,
729 679 958 735 composito
993 694 1164 721 securus
1195 693 1342 720 acervo
1378 680 1595 735 despicere
1628 687 1670 722 et
1703 680 1860 725 divitias
1907 689 1950 724 et
1982 683 2143 726 finem.
2209 687 2282 729 At-

93 771 177 811 que
210 757 264 797 ad
295 756 560 796 securitatem
593 755 757 809 quidem
779 754 900 805 banc,
936 769 1085 808 quaea
1119 755 1288 796 deorum
1322 755 1576 810 benignitate
1610 755 1817 811 speranda
1848 765 1925 808 est,
1957 759 2167 812 pertinent
2189 774 2226 799 v.
2253 761 2281 799 9

94 839 138 872 et
175 834 232 872 10
267 838 310 871 et
341 829 553 885 quaede
572 830 770 885 religioso
806 829 980 870 deorum
1016 830 1131 871 cultu
1163 829 1312 870 deinde
1346 829 1539 882 dicuntur
1572 831 1730 880 omnim
1764 838 1817 883 at·
1839 834 2117 887 genus-vitae
2144 835 2281 889 <ipsum

93 906 186 960 quis
218 904 415 946 credibile
449 904 612 959 putabit
643 918 726 945 uno
760 903 829 944 illo
865 903 1042 945 disticho
1077 905 1176 945 satis
1207 897 1424 963 commode
1457 919 1506 944 ac
1538 904 1660 960 plene
1689 905 1891 965 describi:
1931 908 2026 961 Ipse
2058 923 2189 949 seram
2221 912 2281 950 te-

93 995 216 1021 neros
247 984 406 1020 maturo
438 984 616 1033 tempore
648 983 751 1018 vites
791 983 972 1019 rusticus
1006 984 1046 1019 et
1076 979 1209 1031 sacili
1243 966 1420 1034 gmnde‘a
1449 968 1568 1033 ponda
1603 994 1747 1029 marm,
1789 964 1935 1034 (suibus
1978 983 2112 1024 verbis
2156 997 2283 1025 unum

94 1056 342 1095 rusticorum
377 1069 554 1108 operum
587 1068 722 1108 genus
756 1053 874 1106 quasi
907 1055 1036 1093 instar
1070 1056 1242 1094 omnium
1278 1054 1394 1108 ponit
1415 1053 1542 1108 idque
1576 1069 1622 1094 se
1657 1054 1759 1094 velle
1795 1056 1925 1109 ipsum
1959 1039 2138 1099 tractare
2170 1057 2281 1106 dicit,

93 1128 138 1170 id
171 1136 246 1179 est,
280 1136 327 1170 ut
360 1135 476 1169 recte
509 1127 726 1169 Disaenius
760 1128 1080 1182 interpretatur,
1103 1128 1228 1169 ⁴nulla
1269 1142 1480 1169 servorum
1523 1143 1651 1183 opera
1686 1143 1818 1170 usum.
1889 1130 1960 1171 Sic
2001 1131 2107 1172 enim
2140 1145 2282 1173 secum

93 1204 182 1258 ipse
216 1201 523 1257 quodammodo
557 1215 746 1257 pugnare
780 1200 973 1242 Tibullus
1010 1200 1210 1253 videatur,
1242 1202 1312 1256 qui
1345 1216 1438 1243 curn
1472 1201 1597 1244 modo
1634 1202 1782 1245 dixerit
1814 1218 1850 1257 a*
1872 1204 2038 1247 militiae
2071 1205 2282 1247 laboribus

91 1293 141 1320 se
176 1278 399 1319 abliorrere
433 1283 476 1318 et
510 1276 667 1317 divitias
700 1290 897 1331 spernere
940 1290 1041 1331 prae
1075 1277 1194 1330 inerti
1226 1277 1324 1327 vita,
1365 1277 1500 1318 statim
1541 1285 1677 1318 tamen
1722 1284 1766 1318 et
1807 1278 1971 1332 labores
2015 1294 2061 1321 se
2103 1281 2280 1321 rusticos

93 1354 205 1395 ferre
239 1352 345 1393 velle
377 1352 557 1394 fateatur
590 1358 633 1392 et
666 1358 863 1406 expetere
895 1355 1072 1392 rusticas
1108 1351 1284 1403 divitias,
1319 1352 1487 1408 frugum
1528 1366 1699 1395 acervos
1734 1359 1776 1393 et
1809 1353 1932 1407 pleno
1957 1354 2129 1409 pinguia
2149 1361 2284 1396 musta

91 1428 202 1470 lacu.
271 1426 383 1474 Quid
419 1428 574 1483 igitur?
606 1441 657 1468 an
690 1440 846 1482 genera
880 1433 1037 1468 tantum
1072 1426 1254 1468 laborum
1292 1441 1342 1468 ac
1378 1427 1606 1469 divitiarum
1641 1433 1877 1482 permutare
1900 1428 2056 1470 voluit?
2089 1443 2181 1471 nam
2206 1430 2284 1471 etsi

91 1516 177 1543 non
210 1501 413 1557 exigimus
448 1515 472 1541 a
504 1509 630 1556 poeta
664 1501 868 1556 elegiaco,
905 1508 948 1542 ut
981 1508 1111 1542 totam
1146 1501 1261 1542 vitam
1295 1501 1486 1558 rusticam
1527 1516 1601 1557 per
1643 1508 1782 1558 partes
1822 1517 1917 1543 suas
1964 1510 2159 1544 accurata
2193 1502 2282 1544 dili-

91 1576 237 1633 gentia
271 1582 448 1627 enarret,
483 1589 608 1616 unum
641 1581 779 1616 tamen
812 1574 915 1616 illud
949 1574 1001 1615 ad
1038 1574 1348 1617 describendam
1382 1576 1469 1617 eius
1492 1575 1788 1617 iucunditatem
1812 1590 1956 1632 parum
1991 1585 2054 1618 est
2086 1591 2135 1619 ac
2167 1577 2282 1619 nimis

94 1652 214 1699 exile,
248 1651 363 1705 quod
396 1665 472 1691 sua
505 1666 551 1691 se
585 1666 707 1691 manu
742 1651 845 1692 velle
878 1652 981 1691 vites
1017 1658 1059 1692 et
1094 1652 1258 1692 arbores
1294 1651 1479 1706 plantare
1514 1651 1631 1699 dicit;
1674 1651 1822 1692 nihilne
1866 1652 1976 1692 aliud
2011 1660 2122 1703 erat,
2169 1652 2283 1707 quod

94 1726 265 1767 militum
296 1725 503 1765 laboribus
538 1729 800 1779 opponeret?
820 1732 876 1766 ·et
909 1739 984 1766 cur
1017 1726 1225 1766 statimin
1245 1713 1443 1780 principio
1467 1739 1695 1779 pronomen
1728 1722 1817 1779 epse
1849 1727 1966 1780 ponit
1987 1728 2102 1781 quasi
2134 1721 2281 1768 cavens

95 1801 174 1841 sibi
206 1814 258 1840 ne
292 1799 390 1854 quid
430 1800 515 1840 suis
557 1800 740 1840 manibus
782 1800 933 1840 laboris
968 1799 1230 1850 detrahatur,
1269 1814 1360 1839 cum
1404 1799 1528 1840 modo
1571 1782 1859 1841 inerti{‘“vi1ae
1900 1801 2080 1841 studium
2120 1801 2282 1857 insigne

94 1875 310 1929 professus
345 1875 424 1914 sit?
489 1874 670 1914 Proinde
704 1875 738 1914 si
772 1875 862 1928 quis
897 1882 1075 1915 mentem
1110 1883 1152 1914 et
1185 1889 1347 1915 sensum
1373 1882 1522 1928 poetae
1556 1881 1672 1915 recte
1694 1875 1986 1923 considerabit,
2020 1877 2155 1916 omnia
2178 1876 2282 1917 haec

95 1949 185 1990 fieri
217 1964 299 1990 non
333 1949 518 2005 potuisse
553 1948 771 1989 concedet.
838 1948 925 1988 Iam
960 1963 1058 1989 vero
1082 1963 1278 2003 ponamus
1313 1964 1406 1990 eum
1440 1949 1574 1989 statim
1601 1963 1740 1990 versus
1772 1948 1863 1989 illos
1886 1949 2157 2005 subiungere:
2194 1952 2282 1993 Iam

93 2026 220 2071 modo,
253 2028 335 2065 iam
361 2038 525 2077 possum
561 2031 642 2064 etc.
678 2024 874 2064 habemus
908 2037 1178 2078 progressum
1214 2024 1429 2073 orationis,
1471 2024 1541 2077 qui
1586 2031 1627 2063 et
1668 2038 1805 2064 rerum
1849 2033 2020 2064 naturae
2054 2033 2097 2065 et
2130 2032 2281 2078 poetae

95 2100 235 2139 sensui
268 2099 436 2139 mirifice
473 2098 711 2148 conveniat3
746 2098 932 2138 audimus
968 2113 1061 2137 eum
1095 2097 1248 2152 gaudio
1283 2099 1399 2151 quasi
1441 2098 1668 2147 exsultare,
1710 2098 1825 2151 quod
1866 2098 2029 2138 militiae
2073 2099 2280 2139 laboribus

96 2173 327 2223 exsolutus,
361 2187 465 2226 quos
499 2171 607 2213 serre
625 2172 880 2226 nequiverat,
915 2173 992 2212 iam
1028 2173 1147 2213 inerti
1182 2172 1284 2213 vitae
1317 2187 1363 2213 se
1398 2171 1553 2212 dedere
1576 2172 1724 2225 possit;
1758 2187 1838 2212 non
1872 2187 1917 2213 se
1941 2173 2105 2213 militem
2129 2172 2282 2227 longae

96 2248 185 2289 viae
227 2246 411 2287 deditum
454 2247 552 2290 solis
594 2255 755 2288 aestum
806 2253 848 2287 et
887 2247 991 2287 sitim
1034 2247 1236 2296 tolerare,
1275 2247 1350 2287 sed
1394 2261 1516 2300 posse
1557 2247 1634 2286 sub
1676 2246 1833 2287 arboris
1878 2247 2019 2287 umbra
2067 2246 2119 2287 ad
2153 2248 2282 2288 rivum
2328 2277 2329 2280 =

94 2328 429 2377 praetereuntem
462 2321 677 2362 recubare.
746 2321 1030 2376 Intellegimus
1063 2322 1141 2362 iam
1176 2335 1337 2362 causam
1370 2321 1582 2371 idoneam,
1625 2334 1700 2361 cur
1733 2335 1760 2361 a
1802 2320 2038 2363 militaribus
2084 2321 2281 2362 molestiis

95 2397 303 2438 transierit
334 2395 387 2436 ad
422 2396 541 2435 vitam
575 2396 782 2446 rusticam,
818 2409 926 2450 quae
959 2404 1041 2436 tam
1079 2395 1210 2435 dulcis
1244 2396 1313 2437 otii
1347 2395 1585 2436 facultatem
1621 2395 1831 2449 praebeat.
1896 2396 1989 2437 Nec
2022 2402 2158 2437 tamen
2189 2395 2281 2437 solo

22 2492 30 2500 ·
95 2471 165 2512 illo
200 2471 285 2512 otio
321 2470 519 2511 delectari
552 2485 598 2511 se
633 2469 754 2520 dicit3
789 2470 988 2511 interdum
1024 2458 1150 2511 suav‘e
1184 2483 1273 2511 esse
1307 2469 1360 2510 ait
1394 2471 1524 2510 otium
1558 2469 1752 2524 operibus
1797 2470 1956 2511 rusticis
2004 2469 2281 2524 distinguere:

94 2546 235 2600 itaque
268 2560 306 2586 v.
341 2546 527 2586 29—34
562 2545 669 2586 hanc
702 2558 870 2599 quoque
904 2538 1148 2585 rusticarum
1182 2543 1414 2586 deliciarum
1448 2550 1606 2599 partem
1641 2543 1857 2595 describit,
1899 2543 2028 2598 quod·
2059 2543 2280 2598 aliquando

94 2634 171 2662 sua
202 2633 325 2661 manu
359 2618 565 2660 bidentem
600 2627 740 2661 teneat
772 2626 845 2660 aut
877 2619 1005 2661 boves
1039 2619 1078 2660 in
1122 2619 1275 2662 arando
1318 2620 1480 2662 stimulo
1516 2621 1702 2675 increpet
1742 2626 1814 2661 aut
1855 2632 2005 2675 agnam
2046 2619 2282 2674 capellaeve

94 2694 222 2736 fetum
255 2694 295 2735 in
328 2695 421 2735 sinu
455 2694 618 2735 domum
653 2693 826 2742 referat;
860 2709 943 2749 quo
978 2698 1072 2734 loco
1106 2695 1240 2735 statim
1272 2703 1442 2750 apparet
1474 2710 1596 2750 quam
1639 2702 1736 2749 apte
1771 2694 2021 2749 adiungatur
2065 2693 2282 2735 distichum

96 2768 218 2809 illud:
253 2771 347 2823 Ipse
381 2784 511 2809 seram
546 2776 648 2818 etc.;
683 2768 812 2823 quod,
846 2770 1038 2823 quoniam
1075 2767 1207 2808 otiosa
1242 2776 1283 2809 et
1317 2784 1495 2823 operosa
1526 2770 1642 2810 ‘vitae
1683 2770 1859 2810 rusticae
1882 2783 1976 2823 pars
2002 2768 2282 2824 distinguitur,

84 2858 149 2884 ›ex
184 2842 313 2884 altera
347 2842 426 2884 hac
459 2851 578 2898 parte
613 2843 854 2898 decerptum
890 2858 982 2884 esse
1016 2841 1274 2884 manifestum
1307 2850 1393 2893 est,
1435 2844 1571 2898 neque
1617 2843 1696 2885 ulla
1739 2844 1816 2884 iam
1858 2850 1922 2884 est
1967 2842 2005 2883 in
2041 2843 2281 2896 pronomine
