2681 3224
1310 124 1340 170 6

222 259 448 316 ,φιοωοᾱο
475 264 611 299 ortum
645 258 722 309 sit,
773 272 856 299 non
906 258 1004 298 lieet
1052 258 1196 298 ordine
1245 256 1463 311 persequi3
1488 300 1491 303 ¹
1513 255 1592 296 aed
1617 275 1620 278 ·
1643 256 1752 296 bene
1786 257 1951 312 agitur,
2007 258 2043 298 si
2082 258 2413 315 indagaverimus

203 334 516 389 squam-aeonio
549 333 626 374 XV
663 332 863 375 Italorum
894 332 1096 374 industria
1129 332 1194 373 vel
1226 331 1446 372 emendata
1477 331 1554 372 vel·
1576 338 1772 385 corrupta
1804 340 1918 383 οιιιιῑς
1959 332 2115 388 reliqua
2147 333 2207 375 sic
2239 333 2357 385 fere,·
2377 342 2423 377 ut

230 422 343 451 nnc
374 410 571 465 leguntur
603 415 678 449 aut
709 422 794 449 non
826 407 997 448 multum
1032 406 1306 463 discrepantia
1337 406 1555 446 verisimile
1588 412 1654 446 est
1685 405 1764 446 iam
1806 406 1847 447 in
1887 408 2017 448 seculi
2050 408 2090 449 X
2122 408 2230 449 libris
2270 408 2421 459 fuisse3

232 485 448 538 interiecto
482 482 590 523 enim
624 489 814 537 tempore
847 483 910 522 vix
947 482 1196 523 crediderim
1230 481 1356 521 multa
1389 488 1541 521 novata
1574 494 1681 530 esse,
1716 482 1955 534 praesertim
1996 497 2085 523 cum
2128 483 2315 538 exempla
2348 485 2421 525 Ti-

234 559 335 600 bulli
355 572 446 600 rara
468 556 636 598 fuerint.
684 559 825 604 Quare
848 557 881 597 si
905 556 1015 610 quid
1029 557 1229 613 gravioris
1251 556 1334 596 vitii
1357 563 1436 605 est,
1450 555 1503 617 'id
1526 562 1850 595 consentaneum
1874 563 1952 606 est,
1975 572 2056 597 non
2074 565 2213 612 potest
2235 558 2420 599 seculum

181 643 184 645 ’
232 634 276 675 Χ
309 648 359 674 ac
389 633 568 673 fortasse
602 633 682 672 iam
715 632 886 673 vetustis
928 632 1184 686 temporibus
1228 630 1491 685 depravatum
1527 644 1641 678 esse3
1679 629 1780 683 quid
1813 631 1928 684 quod
1962 633 2083 673 etiam
2117 633 2286 687 primum
2321 633 2421 675 illud

234 695 463 763 exemplum
496 707 548 747 ab
582 707 673 762 ipso
709 713 833 761 poeta
867 705 1088 766 Messallae
1123 705 1299 746 oblatum
1342 705 1522 746 fortasse
1563 704 1843 760 negligentius
1887 706 2083 761 scriptum
2125 706 2223 756 suit,
2268 708 2420 763 quippe

235 782 350 837 quod
381 782 574 823 Tibullus
610 782 742 822 amico
776 794 857 821 non
891 787 937 820 ut
970 788 1206 820 servaretur
1238 779 1421 819 dedisset
1453 778 1529 819 sed
1572 786 1619 818 ut
1652 778 1812 818 interim
1845 789 2203 834 cognoscerentur
2231 782 2421 833 carmina,

235 870 342 910 quae
376 862 524 909 postea
558 855 795 909 diligentius
829 855 1057 906 scripturus
1101 862 1144 894 et
1189 853 1372 893 editurus
1407 861 1509 893 erat.
1577 853 1645 893 De
1687 859 1825 893 aetate
1867 853 2006 908 igitur⁴
2038 856 2225 896 vitiorum
2265 857 2420 897 incerta

233 946 301 971 res
332 938 408 980 est,
441 931 529 984 ipsa
555 943 651 970 vero
675 929 768 969 vitia
791 928 996 982 quaedam
1020 944 1129 969 nunc
1162 929 1397 969 monstrabo
1433 942 1540 982 quae
1576 926 1712 968 adhuc
1746 942 1797 967 eo
1833 929 1964 983 magis
1988 928 2197 971 latuerunt
2219 930 2414 982 editores,

235 998 348 1060 quod
385 1004 590 1059 Scaligeri
633 1003 838 1044 libidinem
880 1012 1117 1044 aversantes
1163 1003 1215 1044 de
1254 1004 1419 1044 turbato
1461 1016 1652 1043 versuum
1696 1002 1841 1043 ordine
1892 1004 2046 1057 aliquid
2098 1006 2295 1059 suspicari
2338 1021 2419 1046 non

232 1080 321 1120 ausi
344 1086 459 1129 sunt3
495 1088 538 1119 et
560 1078 745 1119 eiusdem
767 1078 968 1118 audaciae
992 1092 1076 1133 ego
1101 1092 1266 1132 quoque
1290 1079 1442 1118 crimen
1466 1078 1667 1118 reveritus
1696 1077 1766 1118 diu
1801 1078 1901 1119 meis
1935 1079 2024 1133 ipse
2058 1081 2310 1122 coniecturis
2346 1081 2419 1121 ob-

230 1154 326 1205 stiti,
362 1154 499 1194 donec
533 1155 643 1193 visae
676 1153 770 1193 mibi
802 1161 899 1193 sunt
930 1154 1157 1193 rationibus
1191 1152 1436 1206 gravissimis
1471 1153 1714 1192 confirmari.

361 1231 497 1284 Atque
513 1228 616 1269 illud
634 1228 799 1283 quidem
817 1228 936 1268 facile
960 1228 1055 1268 mihi
1071 1228 1214 1268 videor
1233 1227 1433 1276 evincere,
1460 1228 1529 1267 lib.
1549 1227 1582 1267 I.
1614 1227 1779 1267 carmini
1812 1229 1867 1266 10
1895 1229 1966 1281 qui
1992 1229 2030 1267 in
2049 1230 2128 1269 fine
2152 1227 2302 1282 adjecti
2327 1237 2421 1269 sunt

231 1317 375 1344 versus
394 1303 642 1354 octodecim,
663 1318 743 1343 non
764 1303 947 1343 eiusdem
966 1304 1153 1343 carminis
1173 1316 1277 1351 esse3
1305 1303 1343 1342 in
1372 1317 1421 1343 ea
1447 1303 1553 1342 enim
1578 1316 1623 1341 re
1653 1302 1851 1342 hactenus
1883 1310 1996 1343 certe
2026 1318 2218 1344 assensus
2242 1304 2336 1343 mihi
2359 1312 2421 1344 est

232 1379 370 1434 gravis
388 1385 537 1418 auctor
554 1379 609 1418 Μ.
628 1379 853 1431 Hauptius,
875 1379 975 1417 utin
995 1377 1062 1417 ed.
1082 1378 1199 1432 Lips.
1220 1385 1312 1431 post
1327 1393 1362 1417 v.
1384 1379 1441 1417 50
1463 1378 1633 1417 lacunae
1651 1377 1770 1431 signa
1796 1385 1985 1431 poneret.
2053 1379 2203 1432 Neque
2230 1393 2334 1432 opus
2359 1385 2422 1419 est

219 1453 368 1494 ‘verbis
399 1452 535 1493 multis
568 1452 777 1493 inventum
810 1452 890 1492 hoc
925 1465 1151 1504 exornare,
1185 1451 1302 1492 facile
1334 1452 1438 1492 enim
1465 1465 1663 1505 apparere
1683 1451 1858 1492 arbitror
1892 1459 2087 1512 et„V‘?¹,'⁵¹¹
2123 1455 2180 1509 50
2212 1453 2420 1508 vaptissime

233 1527 397 1583 elegiae
430 1528 470 1568 X
504 1527 729 1567 clausulam
763 1528 851 1567 fieri
887 1532 929 1567 et
963 1527 1033 1580 qui
1067 1534 1294 1581 sequuntur
1327 1541 1469 1567 versus
1503 1541 1639 1580 neque
1673 1527 1859 1580 potuisse
1893 1526 2128 1587 particula
2136 1542 2230 1588 que
2254 1527 2420 1583 adiungi

230 1601 471 1658 praesertim
505 1609 601 1656 post
633 1602 795 1641 tertiam
832 1616 974 1642 vocem
1009 1603 1165 1656 posita,
1207 1616 1340 1656 neque
1374 1609 1660 1656 argumentum
1694 1616 1837 1641 eorum
1874 1617 2060 1642 xersuum
2104 1603 2186 1642 tale
2212 1618 2334 1660 esse,
2379 1610 2421 1642 ut

232 1678 275 1716 id
310 1677 392 1716 ullo
428 1677 553 1716 modo
589 1693 680 1716 cum
692 1677 853 1735 „elegia
887 1679 927 1717 X
962 1678 1161 1732 coniungi
1196 1678 1342 1731 possit,
1378 1677 1416 1716 in
1452 1691 1532 1729 qua
1557 1677 1739 1717 videmus
1775 1685 1939 1730 poetam
1956 1666 2024 1717 ab
2039 1661 2280 1718 execrandis
2304 1678 2419 1718 bellis

233 1751 519 1804 bellorumque
554 1752 688 1791 causis
723 1766 914 1793 exorsum
950 1767 1101 1807 magna
1145 1752 1264 1792 animi
1296 1751 1556 1805 aegritudine
1590 1751 1706 1805 queri
1751 1751 1865 1805 quod
1908 1752 1995 1806 ipse
2040 1752 2186 1792 invitus
2229 1752 2281 1792 ad
2316 1752 2421 1792 bella

232 1825 439 1875 trahatur;
472 1832 665 1879 precatur
698 1825 843 1874 Lares,
877 1833 923 1865 ut
957 1833 1095 1865 aerata
1132 1826 1304 1865 hostium
1340 1826 1420 1865 tela
1455 1840 1478 1865 a
1512 1839 1557 1865 se
1593 1825 1823 1878 depellant,
1861 1834 2069 1865 aversatur
2102 1826 2257 1865 tuistem
2291 1827 2420 1866 militis

231 1907 421 1949 mortem,
457 1900 546 1952 ipse
580 1907 715 1939 autem
751 1901 864 1953 cupit
899 1902 1076 1940 rusticus
1113 1908 1154 1939 et
1189 1900 1385 1953 inglorius
1421 1900 1527 1939 inter
1560 1901 1670 1953 pacis
1707 1901 1906 1939 beneficia
1953 1900 2003 1938 ad
2039 1908 2293 1940 senectutem
2330 1916 2421 1954 per-

233 1974 392 2022 venire3
444 1988 551 2026 quae
593 1974 728 2013 omnia
772 1975 963 2027 quoniam
1009 1990 1089 2014 non
1135 1975 1222 2014 sine
1258 1975 1358 2014 tristi
1393 1975 1571 2028 quodam
1616 1976 1666 2015 ob
1710 1975 1894 2016 instantis
1938 1976 2101 2015 militiae
2135 1976 2422 2015 necessitatem

233 2048 440 2088 desiderio
476 2048 667 2102 explicat,
721 2049 809 2088 fieri
853 2048 1041 2103 profecto
1086 2048 1196 2089 nullo
1242 2049 1361 2089 modo
1405 2058 1542 2103 potest
1586 2057 1630 2089 ut
1680 2050 1816 2090 subito
1852 2049 1905 2089 ad
1946 2057 2230 2105 argumentum
2272 2050 2421 2089 laetum

232 2137 281 2162 ac
315 2123 498 2162 iocosum
535 2122 762 2163 delabatur.
832 2125 938 2163 Nam
974 2124 1073 2163 illud
1108 2123 1272 2176 quidem
1306 2124 1425 2164 facile
1461 2124 1618 2171 credas,
1654 2133 1701 2165 ut
1724 2126 1843 2165 vitam
1877 2126 2068 2165 rusticam
2105 2132 2146 2165 et
2180 2125 2292 2177 pacis
2316 2125 2422 2164 bona

231 2198 308 2238 sibi
343 2197 584 2252 exoptabat,
621 2197 678 2238 ita
713 2213 807 2239 eum
842 2198 961 2239 etiam
997 2199 1130 2239 laetos
1168 2199 1409 2240 rusticorum
1446 2198 1532 2239 dies
1566 2198 1695 2239 festos
1732 2199 1943 2240 celebrare
1968 2199 2192 2253 cupivisse;
2227 2212 2303 2239 nec
2328 2198 2422 2238 alie-

233 2288 329 2314 num
366 2280 476 2322 erat,
513 2273 546 2312 si
581 2288 722 2313 eorum
759 2275 1007 2314 mentionem
1043 2274 1224 2323 fecisset,
1260 2288 1502 2327 quamquam
1527 2273 1567 2313 id
1602 2273 1766 2313 nimium
1801 2273 1888 2314 sere
1923 2282 2009 2314 erat
2043 2288 2120 2313 nec
2155 2273 2424 2313 conveniebat

231 2348 344 2403 pacis
379 2348 487 2388 bona
538 2347 594 2388 ita
644 2349 915 2401 particulatim
951 2363 1166 2397 enarrare:
1219 2356 1493 2389 verumtamen
1538 2349 1571 2388 si
1612 2348 1653 2388 id
1699 2348 1837 2389 facere
1870 2349 2088 2389 voluisset.
2130 2355 2243 2388 certe
2286 2347 2423 2388 facere

231 2436 310 2463 non
354 2429 517 2476 poterat
560 2422 647 2463 sine
693 2422 835 2463 eadem
871 2423 932 2463 sui
976 2423 1130 2476 doloris
1175 2423 1474 2478 significatione
1510 2430 1552 2463 et
1585 2422 1672 2463 sine
1706 2423 1891 2463 laborum
1926 2423 2202 2478 cogitatione,
2250 2423 2319 2476 qui
2352 2422 2421 2460 mi-

233 2496 291 2536 liti
326 2504 464 2536 essent
497 2510 573 2550 pro
609 2497 729 2536 laetis
764 2498 1010 2536 rusticorum
1037 2480 1168 2536 -fesfis
1213 2496 1456 2551 perferendi.
1532 2499 1654 2536 Nunc
1710 2512 1805 2536 vero
1850 2498 1985 2536 subito
2029 2512 2079 2535 eo
2121 2496 2327 2542 aufertur,
2380 2503 2425 2534 ut

227 2585 311 2612 non
346 2572 470 2610 totius
505 2570 598 2611 festi
635 2571 715 2611 diei
750 2572 1030 2612 celebritatem
1074 2587 1123 2612 ac
1165 2572 1357 2612 laetitiam
1398 2572 1529 2612 animo
1576 2572 1755 2626 cogitet,
1796 2573 1869 2612 sed
1911 2586 2031 2612 unam
2074 2578 2296 2611 extremam
2322 2570 2425 2610 >eius

196 2627 275 2706 'et
307 2644 427 2685 valde
471 2645 721 2702 singularem
766 2654 925 2701 partem
969 2654 1290 2695 commemoret;
1347 2637 1503 2685 scilicet
1558 2645 1736 2685 rusticus
1782 2661 1805 2685 e
1838 2645 1933 2686 luco
1980 2645 2055 2685 sub
2085 2629 2087 2631 .
2121 2653 2285 2685 noctem
2318 2644 2422 2683 male

231 2721 393 2760 sobrius
437 2735 606 2760 uxorem
659 2721 842 2774 plaustro
879 2723 1204 2775 progeniemque
1240 2721 1404 2761 domum
1438 2721 1566 2760 vehit:
1623 2720 1755 2761 hocne
1807 2735 1909 2775 ergo
1960 2722 2132 2775 primum
2167 2720 2204 2760 ei
2239 2721 2276 2760 in
2311 2734 2423 2760 men·

231 2801 319 2835 tem
353 2794 514 2835 venisse
549 2794 798 2836 credemus?
832 2810 914 2836 non
938 2795 1075 2837 autem
1113 2794 1265 2846 dicere,
1299 2809 1380 2850 qua
1413 2794 1614 2850 religione
1650 2809 1771 2848 quem
1806 2796 1845 2836 in
1879 2793 2016 2835 lucum
2052 2792 2191 2833 rustici
2225 2807 2422 2849 pervene-
