2681 3224
1332 183 1392 228 10

260 317 337 357 toti
370 314 537 370 carmini
572 315 898 356 consummando
942 315 1102 357 deerat.
1173 317 1374 372 Superest
1406 318 1485 357 iam
1519 317 1597 357 hoc
1633 320 1778 369 unum,
1829 324 1877 358 ut
1926 317 2140 371 quomodo
2184 333 2233 359 ea
2267 318 2455 361 confusio

261 391 359 432 oriri
392 390 588 446 potuerit,
623 389 878 439 doceamus-3*
907 405 1045 446 neque
1077 391 1119 432 id
1153 391 1272 448 nimis
1303 391 1471 433 difficile
1505 400 1568 433 est
1601 399 1644 432 et
1677 390 1839 432 videtur
1873 392 2112 433 coniectura
2146 393 2268 434 etiam
2302 395 2452 435 indicio

264 464 445 522 quodam
478 479 527 505 ac
560 479 696 520 paene
728 465 963 507 testimonio
999 465 1190 507 codicum
1212 478 1306 508 mss.
1333 467 1576 508 confirmari.
1643 466 1738 507 Non
1761 473 1899 508 autem
1917 466 2030 523 fugit
2052 471 2299 522 quemquam
2323 475 2455 510 trans·

265 539 559 597 ponendorum
579 554 769 594 versuum
790 538 1024 582 octodecim
1056 540 1314 582 occasionem
1338 542 1393 582 ita
1417 540 1605 582 facillime
1624 525 1718 581 oriri
1742 541 1945 597 potuisse,
1972 542 2006 583 si
2023 542 2128 583 male
2145 541 2282 583 habita
2299 542 2455 585 codicis

266 629 470 670 compage
505 629 588 655 non
621 615 718 655 bina
751 629 942 669 quaeque
976 614 1076 655 folia
1113 615 1382 656 cohaererent
1416 615 1490 656 sed
1524 615 1686 670 singula
1718 614 1853 670 aliqua
1888 615 2025 656 soluta
2049 624 2206 664 essent3
2243 631 2325 658 uno
2350 618 2456 658 enim

263 690 363 731 folio
397 690 454 730 ita
487 690 678 740 traiecto,
716 698 760 730 ut
792 704 900 743 quae
934 690 1087 744 pagina
1122 704 1234 731 versa
1269 690 1420 739 suerat,
1456 698 1568 730 recta
1603 690 1669 741 sit,
1704 697 1962 744 permutatur
1996 691 2099 731 ordo
2126 705 2339 742 versuum3
2374 707 2456 746 qua

267 766 306 806 in
340 780 384 805 re
419 779 501 805 non
547 764 713 819 difficile
759 771 822 805 est
865 771 1050 820 statuere
1091 765 1129 805 in
1174 765 1310 820 priore
1348 766 1498 822 pagina
1541 765 1642 805 binis
1685 771 1786 819 puto
1831 764 2030 806 columnis
2073 773 2184 807 totos
2220 767 2279 807 90
2315 781 2456 808 versus

265 840 441 894 scriptos
477 838 623 891 fuisse,
667 839 813 893 quibus
857 853 967 879 nunc
1011 839 1146 895 elegia
1189 840 1253 886 11,
1305 842 1321 879 l
1366 846 1549 885 constat:
1605 839 1642 879 in
1686 838 1814 879 altera
1848 840 1999 894 pagina
2036 839 2185 881 deinde
2220 835 2453 882 octodecim

262 915 367 964 illos,
404 913 562 968 reliqua
596 916 773 969 paginae
807 922 925 968 parte
960 916 1013 954 ob
1049 915 1233 956 carminis
1267 916 1330 955 vel
1367 916 1486 956 etiam
1522 915 1648 955 totius
1683 913 1773 954 libri
1808 916 1929 955 finem
1977 930 2105 956 vacua
2138 917 2293 957 relicta.
2367 917 2453 957 Sed

264 990 347 1029 sive
379 988 460 1029 hoc
495 988 643 1040 modo,
678 989 762 1029 sive
797 988 903 1039 alio,
939 997 1116 1042 possunt
1149 989 1249 1030 enim
1294 990 1431 1044 plures
1467 988 1588 1044 fingi,
1625 988 1775 1043 pagina
1810 989 1982 1030 traiecta
2016 997 2099 1039 est,
2135 992 2370 1031 necessario
2407 991 2452 1030 li-

262 1062 437 1113 brarius,
474 1063 545 1117 qui
580 1077 761 1103 errorem
795 1077 876 1103 non
913 1063 1269 1113 animadverteret,
1305 1078 1446 1104 versus
1480 1063 1570 1103 illos
1606 1062 1839 1104 octodecim
1874 1064 1961 1105 sine
1995 1064 2259 1119 inscriptione
2293 1065 2451 1120 positos

261 1152 354 1177 cum
388 1138 525 1192 elegia
560 1139 594 1186 Ι,
651 1140 705 1177 10
742 1138 1009 1178 continuabat
1043 1145 1169 1191 atque
1204 1137 1382 1178 addebat
1416 1138 1533 1178 etiam
1568 1139 1935 1191 subscriptionem,
1971 1138 2062 1178 illos
2097 1153 2238 1179 versus
2274 1154 2450 1193 sequen-

259 1220 340 1253 tem
356 1244 367 1260 ,
413 1227 521 1265 quae
566 1205 703 1266 potuit
741 1211 830 1253 talis
874 1227 989 1253 esse:
1018 1261 1020 1263 ι
1046 1214 1238 1265 Explicit
1277 1214 1393 1254 Albia·
1424 1214 1575 1254 Tibulli
1607 1213 1778 1252 secunde·
1807 1214 1906 1253 libri
1935 1214 2063 1266 elegia
2093 1218 2243 1265 prima.
2310 1202 2450 1260 Quare

261 1301 355 1328 cum
389 1294 597 1342 pugnaret
629 1287 707 1327 iam
743 1286 988 1342 subscriptio
1024 1285 1126 1327 haec
1160 1301 1250 1327 cum
1285 1286 1469 1328 eiusdem
1505 1287 1690 1328 carminis
1715 1287 1996 1342 inscriptione,
2033 1301 2138 1342 quae
2173 1296 2264 1329 erat
2287 1288 2448 1344 elegiae

260 1361 351 1401 libri
383 1361 417 1401 I.
453 1360 661 1412 decimae,
704 1361 805 1401 alius
850 1360 1001 1401 deinde
1042 1360 1228 1402 librarius
1269 1369 1316 1402 ut
1350 1375 1530 1401 errorem
1563 1362 1749 1411 tolleret,
1793 1362 2098 1416 inscriptionem
2145 1361 2269 1402 videri
2312 1370 2450 1417 potest

262 1449 313 1477 ex
346 1435 650 1491 subscriptione
685 1436 926 1487 correxisse,
962 1434 1073 1477 unde
1107 1435 1256 1477 factum
1291 1436 1357 1487 sit,
1393 1443 1450 1488 ut,
1485 1435 1597 1491 quod
1631 1436 1810 1478 Puccius
1845 1442 2034 1488 testatur,
2069 1436 2108 1477 in
2143 1436 2355 1479 codicibus
2379 1453 2448 1479 ve-

258 1511 499 1552 tustioribus
542 1511 784 1565 principium
827 1510 998 1551 secundi
1044 1510 1134 1550 libri
1170 1518 1277 1551 esset
1310 1511 1360 1551 ab
1397 1511 1531 1566 elegia
1564 1512 1603 1551 X
1638 1511 1728 1551 libri
1761 1511 1900 1566 primi3
1936 1511 2045 1551 idem
2078 1512 2305 1559 Perreium,
2340 1511 2447 1552 idem

258 1585 380 1625 alium
416 1585 539 1624 virum
579 1584 748 1626 doctum
782 1585 819 1624 in
856 1584 919 1625 ed.
956 1584 1171 1625 Vicentina
1206 1585 1345 1625 testari
1381 1584 1570 1643 dixerunt
1602 1585 1888 1625 Broukhusius
1933 1593 1974 1625 et
2007 1586 2217 1639 Heynius;
2269 1585 2448 1640 denique

260 1675 283 1700 e
317 1662 467 1700 nostris
504 1659 628 1700 codd.
667 1674 760 1700 eum
796 1659 979 1700 ordinem
1024 1666 1131 1700 teste
1174 1660 1336 1713 Heynio
1384 1674 1488 1699 unus
1531 1658 1717 1712 sequitur
1760 1658 1974 1700 Guelferb.
2011 1662 2050 1699 ἱ).
2119 1661 2162 1699 ln
2200 1659 2366 1714 reliquis
2402 1661 2447 1700 li-

257 1735 340 1774 bris
376 1736 409 1774 si
445 1749 525 1788 qua
559 1734 636 1774 fuit
670 1735 734 1773 illa
771 1749 890 1788 quam
927 1734 1008 1774 dixi
1043 1736 1302 1788 subscriptio,
1338 1743 1408 1774 aut
1444 1736 1590 1774 omissa
1625 1743 1688 1774 est
1723 1745 1793 1774 aut
1825 1737 1880 1775 ita
1906 1742 2094 1774 correcta
2119 1743 2162 1775 ut
2195 1736 2446 1790 inscriptioni

261 1810 448 1850 carminis
482 1810 526 1858 I,
576 1812 631 1848 10
676 1810 935 1854 conveniret:
987 1824 1233 1863 quamquam
1271 1808 1404 1848 fateor
1444 1808 1540 1848 illud
1575 1810 1749 1848 maxime
1791 1809 1958 1849 dubium
2000 1809 2092 1848 mihi
2128 1824 2242 1859 esse,
2280 1817 2447 1851 rectene

259 1899 350 1925 cum
401 1883 525 1924 codd.
570 1884 750 1938 plurimis
802 1892 926 1938 atque
968 1885 1090 1925 etiam
1135 1884 1331 1924 Vincentii
1376 1883 1680 1924 Bellovacensis
1725 1884 1958 1924 testimonio
2004 1898 2165 1924 carmen
2209 1884 2329 1934 illud,
2380 1885 2446 1925 cui

255 1974 364 2000 nunc
400 1959 622 2000 clausulam
657 1973 770 1999 suam
804 1958 1081 2009 reddidimus,
1125 1959 1213 1998 libri
1256 1957 1424 1999 secundi
1465 1958 1576 1998 initio
1619 1972 1838 2012 ponamus,
1882 1957 1995 2012 quod
2030 1958 2122 1998 mihi
2158 1966 2200 1999 et
2233 1960 2285 1999 ob
2321 1973 2444 2014 argu—

256 2036 378 2074 menti
417 2041 604 2074 naturam
650 2041 692 2072 ct
736 2034 788 2072 ob
833 2042 1060 2086 temporum
1105 2034 1282 2073 rationes
1322 2033 1447 2086 priori
1490 2034 1623 2086 potius
1665 2032 1767 2071 libro
1811 2032 2069 2073 tribuendum
2111 2032 2283 2074 videtur.

384 2109 471 2150 Sed
505 2109 619 2149 mitto
657 2116 699 2147 et
733 2108 836 2148 hanc
872 2123 970 2156 rem,
1004 2108 1056 2148 de
1091 2122 1173 2160 qua
1208 2122 1283 2148 non
1320 2115 1458 2160 potest
1491 2108 1630 2159 paucis
1670 2107 1763 2156 dici,
1801 2122 1877 2147 nec
1913 2107 2105 2160 persequi
2151 2107 2243 2146 solo
2287 2107 2319 2146 si
2363 2104 2444 2160 qua

253 2182 506 2237 probabilior
539 2189 678 2236 potest
713 2182 863 2221 erroris
899 2180 1129 2236 explicandi
1164 2181 1265 2221 ratio
1300 2181 1482 2235 reperiri.
1552 2181 1693 2226 Qualis
1730 2182 1833 2220 enim
1871 2180 2010 2220 clades
2045 2180 2111 2219 illa
2146 2180 2289 2227 fuerit,
2335 2195 2442 2235 quae

253 2257 409 2297 Tibulli
444 2257 630 2295 volumen
667 2256 823 2302 afflixit,
860 2263 945 2295 tum
981 2256 1145 2295 demum
1181 2256 1328 2308 poterit
1362 2256 1593 2293 accuratius
1629 2255 1829 2310 indagari,
1866 2256 1931 2293 ubi
1966 2256 2053 2308 ipsa
2088 2256 2179 2293 vitia
2220 2256 2342 2294 certis
2378 2269 2442 2294 ra-

253 2332 432 2372 tionibus
470 2331 749 2370 demonstrata
784 2330 946 2370 fuerint.
1015 2332 1163 2384 Itaque
1196 2331 1234 2369 in
1268 2330 1394 2383 prima
1428 2330 1564 2383 elegia
1597 2331 1704 2369 inter
1739 2344 1879 2369 versus
1903 2336 2063 2368 sextum
2109 2337 2150 2368 et
2195 2330 2439 2369 tricesimum

251 2406 436 2460 quintum
475 2419 664 2445 versuum
701 2403 885 2446 ordinem
921 2404 981 2445 bis
1015 2404 1054 2446 in
1090 2418 1169 2445 una
1206 2404 1353 2459 pagina
1386 2410 1458 2444 aut
1491 2410 1605 2443 certe
1639 2403 1676 2443 in
1713 2419 1794 2444 uno
1831 2402 1928 2443 folio
1965 2402 2181 2444 confusum
2226 2418 2319 2444 esse
2366 2403 2440 2443 do-

250 2482 378 2531 cebo,
414 2480 525 2534 quod
563 2488 608 2520 ut
641 2480 730 2520 fieri
763 2481 949 2535 potuisse
984 2495 1104 2521 nemo
1140 2480 1328 2534 negabit,
1364 2480 1417 2519 ita
1454 2479 1664 2533 quomodo
1702 2479 1851 2520 factum
1888 2479 1959 2522 sit.
1995 2486 2075 2519 tam
2112 2479 2332 2519 obscurum
2366 2486 2442 2529 est,

249 2570 370 2609 quam
406 2570 470 2595 res
505 2557 589 2609 ipsa
626 2555 840 2595 manifesta
875 2555 1048 2596 videtur.

376 2630 570 2684 Incipiam
614 2630 664 2669 ab
713 2644 792 2669 uno
841 2629 1013 2670 disticho
1058 2629 1246 2670 traiecto.
1332 2629 1532 2668 Testatur
1572 2628 1762 2669 Tibullus
1806 2643 1841 2667 v.
1890 2629 1939 2666 ll
1991 2641 2080 2680 sqq.
2117 2626 2288 2666 eandem
2324 2640 2439 2666 suam

247 2705 444 2746 adversus
488 2704 591 2745 deos
637 2704 902 2759 religionem.
946 2717 1066 2758 quam
1111 2704 1331 2744 celebravit
1373 2703 1437 2743 lib.
1482 2703 1539 2753 ΙΙ,
1599 2716 1720 2742 carm.
1761 2705 1806 2750 l:
1841 2702 2010 2756 primum
2046 2702 2229 2741 venerari
2263 2715 2307 2740 se
2343 2699 2440 2741 dicit

245 2786 410 2820 sanctos
456 2779 614 2834 stipites
661 2779 699 2819 in
745 2779 854 2834 agris
898 2786 940 2819 et
982 2778 1139 2833 lapides
1182 2779 1220 2818 in
1264 2777 1380 2818 trivio
1425 2778 1606 2832 positos;
1652 2776 1803 2818 deinde
1847 2776 1948 2816 deos
1983 2782 2172 2831 agrestes
2206 2774 2438 2830 singulatim

243 2860 458 2894 enumerat
492 2861 533 2893 et
567 2853 682 2893 addit
717 2867 824 2906 quae
859 2854 1007 2906 cuique
1042 2867 1210 2893 munera
1247 2853 1395 2893 offerat
1429 2859 1595 2904 praeter
1628 2864 1751 2892 unum
1776 2852 1985 2905 Priapum,
2022 2851 2060 2888 in
2096 2854 2178 2902 qu'o
2214 2849 2254 2889 id
2281 2857 2436 2891 tantum
