2667 3242
1241 186 1296 231 11

173 319 285 371 dicit,
320 320 389 361 ubi
422 334 517 361 eum
547 319 648 373 poni
671 325 713 358 et
746 317 846 372 quid
880 318 1016 359 auxilii
1048 318 1126 360 sibi
1158 326 1372 374 praestare
1394 319 1511 369 velit;
1546 334 1693 361 munus
1727 327 1865 361 autem
1888 321 2037 363 nullum
2071 322 2110 364 ei
2139 324 2361 378 promittit3

172 394 640 456 quagmeglegentnam
668 407 758 448 cur„
774 392 1314 451 felssssn‘lsswssffjflilfflssmllflae
1347 393 1388 435 in
1422 393 1505 442 deo
1529 394 1696 449 quidem
1720 396 1811 450 ipso
1836 410 1963 437 causa
1985 397 2094 439 nulla
2117 404 2198 450 est,
2233 413 2355 453 quem

171 470 203 510 si
239 469 432 511 voluisset
465 475 593 524 poeta
626 468 891 523 contemptim
923 468 1163 523 praeterire,
1195 467 1238 509 id
1272 468 1387 524 quod
1414 468 1577 522 minime
1612 469 1824 511 verisimile
1858 476 1944 522 est,
1989 473 2227 526 praestabat
2257 487 2354 529 pro-

170 544 282 585 fecto
317 558 410 585 cum
443 543 529 587 aliis
561 542 748 598 pluribus
780 543 1028 585 rusticorum
1063 543 1139 584 diis
1171 543 1281 586 hunc
1314 557 1481 598 quoque
1514 543 1676 586 silentio
1710 546 1952 595 tramittere,
1986 548 2229 600 praesertim
2262 562 2356 589 cum

172 620 319 659 omissa
350 619 461 673 grati
493 617 613 657 animi
647 618 936 661 testificatione
969 604 1090 658 etiam
1125 618 1321 662 orationis
1354 618 1579 672 aequalitas
1612 618 1812 659 laedatur.
1882 620 2023 664 Quare
2067 628 2113 661 ut
2144 621 2225 662 hoc
2258 622 2353 663 loco

170 693 366 734 ferendus
416 707 497 733 non
548 698 613 733 est
662 691 764 734 deus
813 693 901 734 sine
950 706 1119 734 munere
1170 692 1419 748 appellatus,
1477 693 1533 733 ita
1586 693 1664 733 alio
1714 693 1807 734 loco
1851 708 1934 734 nou
1974 693 2151 736 feremus
2211 711 2355 738 munus

171 768 258 808 sine
294 767 372 809 deo
408 773 785 808 commemoratum,
857 767 1023 808 Etenim
1056 781 1180 821 quem
1217 766 1381 808 tandem
1421 765 1550 831 deum
1591 767 1815 829 significari
1841 768 2041 829 „dicemus
2078 785 2123 810 v.
2171 773 2241 823 14,
2282 772 2354 827 cui

170 856 291 897 poma
325 841 644 897 promittuntur?
694 840 924 896 appellatur
956 844 1136 895 agrecola
1169 842 1268 882 deus
1310 841 1444 898 (haud
1485 841 1611 882 dubie
1650 843 1754 882 enim
1802 827 1873 884 aut
1905 846 2109 897 agrecolae
2143 846 2237 897 deo,
2269 854 2354 896 ,aut

169 918 388 970 agricolam
421 916 537 956 deum
569 915 830 956 scribendum
864 923 943 967 est,
976 931 1149 971 quorum
1182 931 1264 972 ego
1298 916 1377 957 hoc
1410 916 1583 958 alterum
1617 917 1856 973 praefero),
1901 919 1972 973 qui
2018 920 2107 972 quis
2141 920 2206 968 sit.
2244 922 2352 963 varie

170 992 526 1040 coniectaverun13
552 991 738 1031 Muretus
755 990 978 1042 Bacchum,
1001 991 1197 1032 Heinsius
1217 992 1471 1042 Terminum,
1496 991 1780 1032 Broukbusius
1799 993 2083 1043 Vertumnum,
2107 994 2141 1034 Ι.
2161 995 2216 1035 H.
2243 996 2350 1036 Vos-

170 1065 268 1114 sius,
301 1063 495 1114 Baebius,
530 1064 1026 1127 DisssseniuffiiJVEBRQ„
1024 1065 1187 1106 Iahnius
1210 1066 1358 1106 Larem
1380 1065 1576 1106 rusticum
1599 1066 1909 1118 intellexerunt3
1933 1068 2123 1122 Heynius
2155 1069 2350 1125 Priapum

169 1139 423 1192 potissimum
457 1139 680 1193 significari
714 1140 937 1190 statuebat,
972 1140 1048 1180 sed
1081 1155 1205 1194 posse
1239 1140 1358 1181 etiam
1392 1140 1599 1181 Silvanum
1632 1149 1675 1181 et
1697 1141 1852 1182 Panem
1875 1157 1983 1193 esse,
2018 1158 2146 1196 quare
2170 1144 2348 1199 denique

168 1213 318 1267 Vulpio
353 1228 543 1254 assensus
578 1220 641 1254 est
675 1212 797 1255 deum
830 1229 1116 1269 quemcunque
1149 1213 1426 1271 agriculturae
1460 1213 1690 1270 praesidem
1722 1214 2081 1277 intellegendum
2082 1232 2187 1258 esse.
2255 1220 2349 1262 Nec

167 1302 264 1328 xero
301 1286 478 1328 dubitari
518 1293 679 1342 potest,
724 1287 821 1342 quin
864 1288 1084 1344 appellatio
1127 1288 1195 1330 illa
1235 1288 1289 1330 ad
1333 1302 1470 1329 omnes
1514 1287 1616 1329 deos
1667 1297 1853 1345 agrestes
1887 1291 2112 1346 pertineat3
2147 1295 2347 1347 agricolas

166 1363 333 1402 caeletes
367 1362 637 1402 communiter
670 1376 812 1403 omnes
836 1364 1015 1417 appellat
1047 1365 1136 1419 ipse
1170 1364 1324 1405 Tibull.
1341 1364 1413 1414 ΙΙ,
1452 1365 1493 1413 1,
1530 1365 1604 1413 36,
1638 1378 1715 1405 nec
1747 1365 1866 1405 aliter
1888 1366 2012 1407 Ovid.
2037 1367 2203 1408 Metam.
2230 1369 2347 1421 vm,

170 1437 275 1477 276.
311 1436 364 1477 de
397 1450 504 1478 nuce
536 1451 572 1478 v.
609 1437 651 1478 9.
718 1438 814 1479 Nou
849 1439 978 1495 magis
1012 1445 1148 1481 tamen
1192 1437 1458 1480 dubitandum
1500 1444 1583 1489 est,
1627 1438 1741 1494 quod
1782 1440 1926 1481 iniuria
1967 1448 2119 1497 negant
2159 1442 2347 1498 Vulpius,

166 1517 371 1570 Heynius,
405 1516 752 1567 Wunderlichius,
786 1517 882 1571 quin
918 1523 1052 1555 certus
1087 1515 1232 1568 aliquis
1256 1514 1357 1554 deus
1390 1513 1691 1568 intellegendus
1725 1515 1788 1564 sit,
1822 1514 1863 1554 id
1897 1515 2011 1569 quod
2044 1517 2142 1556 salis
2174 1526 2349 1573 apparet

167 1604 216 1629 ex
251 1590 340 1644 ipso
375 1591 602 1641 sacrificio,
638 1605 721 1645 quo
755 1591 789 1631 is
823 1592 874 1630 ab
917 1589 1004 1630 aliis
1038 1589 1293 1629 discernitur.
1359 1587 1635 1635 Quamobrem
1676 1596 1722 1629 ut
1761 1589 1893 1643 possit
1930 1590 2039 1640 fieri,
2080 1591 2195 1645 quod
2236 1607 2347 1635 nunc

168 1679 305 1719 neque
327 1673 466 1720 potest
487 1673 530 1706 et
548 1666 637 1706 fieri
657 1680 828 1707 necesse
849 1673 924 1717 est,
958 1665 1075 1707 simul
1109 1679 1162 1705 ne
1184 1664 1358 1719 Priapus
1390 1677 1557 1703 munere
1591 1678 1667 1703 suo
1690 1663 1920 1715 fraudetur,
1956 1668 2343 1725 *05328175918

167 1748 265 1780 sunt
296 1741 478 1798 ponendi
511 1749 608 1796 post
641 1757 678 1782 v,
718 1744 788 1790 12,
828 1751 899 1782 aut
931 1740 1045 1797 quod
1078 1740 1211 1780 malim
1246 1753 1385 1779 versus
1422 1739 1477 1779 13
1513 1746 1556 1779 et
1600 1740 1654 1778 14
1699 1738 1934 1780 retrahendi
1975 1748 2072 1794 post
2105 1756 2141 1781 v.
2182 1743 2263 1793 18,
2298 1751 2346 1784 ut

167 1798 381 1856 crescente
416 1817 533 1869 quasi
569 1816 733 1856 dicendi
769 1816 981 1871 diligentia
1014 1815 1241 1856 breviorem
1276 1813 1439 1854 Cereris
1473 1813 1718 1854 mentionem
1753 1821 1953 1869 sequatur
1986 1815 2157 1870 amplior
2191 1817 2343 1872 Priapi,

166 1899 208 1930 et
240 1904 378 1931 rursus
412 1891 584 1945 amplior
616 1891 794 1940 Larum;
830 1891 885 1932 ita
918 1891 1023 1932 enim
1057 1890 1115 1941 fit,
1149 1896 1192 1929 ut
1225 1886 1405 1944 agricola
1441 1886 1542 1928 deus
1577 1887 1712 1935 nullus
1754 1888 1855 1929 alius
1895 1889 1948 1930 sit
1988 1889 2062 1930 nisi
2104 1890 2175 1944 qui
2218 1891 2342 1933 modo

164 1964 393 2005 nominatus
428 1972 504 2012 est,
538 1965 725 2020 Priapus,
761 1966 826 2006 cui
860 1979 982 2021 poma
1016 1964 1141 2020 vulgo
1176 1962 1313 2004 afferri
1345 1963 1465 2003 solita
1497 1963 1750 2002 notissimum
1786 1973 1868 2013 est;
1903 1971 1946 2004 et
1977 1965 2202 2005 rectissime
2226 1967 2341 2020 Hey-

164 2040 254 2077 nius
289 2039 341 2077 de
376 2053 426 2078 eo
463 2041 631 2093 primum
665 2041 933 2094 cogitaverat,
969 2039 1044 2079 nisi
1076 2052 1168 2077 eum
1203 2035 1397 2076 confusus
1448 2051 1636 2075 versuum
1678 2037 1782 2076 ordo
1825 2052 1917 2077 cum
1961 2038 2044 2076 aliis
2086 2040 2124 2077 in
2160 2054 2341 2080 errorem

164 2112 402 2153 induxisset.
471 2116 563 2155 Nec
606 2122 707 2168 puto
750 2116 829 2156 iam
872 2116 1071 2156 incertum
1116 2127 1231 2162 esse,
1275 2110 1449 2152 eundem
1493 2111 1697 2165 Heynium
1741 2127 1833 2151 cum
1883 2111 2189 2153 Wunderli‹·hio
2223 2122 2339 2156 recte

166 2184 276 2240 apud
311 2186 517 2226 Tibullum
564 2188 596 2237 Ι,
632 2190 676 2240 5,
712 2189 785 2228 27.
852 2188 1047 2243 Priapum
1089 2184 1271 2240 intellegi
1301 2184 1501 2233 voluisse,
1536 2184 1606 2223 ubi
1649 2198 1790 2224 rursus
1837 2185 2005 2239 Vulpius
2050 2200 2190 2226 omnes
2235 2187 2338 2228 deos

163 2261 383 2314 agricolas,
419 2262 591 2300 Vossius
627 2276 717 2301 cum
754 2263 934 2303 Dacerio
958 2263 1188 2305 Silvanum,
1223 2258 1502 2299 Broukhusius
1525 2259 1735 2298 Bacchum
1759 2259 2072 2306 intellexerunt:
2115 2262 2273 2302 scilicet
2304 2264 2338 2303 si

164 2350 268 2374 unus
310 2350 360 2375 ex
394 2335 469 2375 illis
504 2336 755 2389 reliquisque
789 2336 1034 2377 rusticorum
1075 2334 1150 2375 diis
1184 2333 1403 2388 praecipue
1436 2334 1617 2387 agricola
1650 2334 1749 2374 dens
1782 2332 2047 2388 appellandus
2081 2342 2157 2382 est,
2200 2337 2276 2377 erit
2302 2336 2336 2378 Is

163 2408 352 2462 PriapuS,
388 2424 508 2463 quem
544 2409 734 2452 Tibullus
769 2411 857 2466 ipse
892 2409 990 2452 dicit
1022 2410 1056 2462 Ι,
1093 2411 1136 2459 4,
1175 2410 1215 2449 7.
1283 2408 1442 2449 Bacchi
1470 2411 1662 2448 rusticam
1690 2409 1857 2462 prolem,
1891 2414 1934 2449 et
1956 2407 2126 2449 Ovidius
2150 2410 2276 2451 Trist.
2301 2411 2336 2462 l,

164 2485 207 2534 9,
245 2484 303 2523 26
338 2487 553 2525 ruricolam
587 2486 715 2535 deum,
749 2495 792 2526 et
826 2487 864 2526 in
900 2501 1022 2541 quem
1055 2484 1131 2525 tria
1165 2483 1231 2524 illa
1254 2496 1436 2533 munera,
1471 2496 1577 2537 quae
1610 2481 1663 2521 ibi
1687 2491 2068 2533 commemorantur,
2103 2491 2217 2525 recte
2240 2499 2338 2525 con-

162 2559 300 2598 venire
333 2559 430 2598 satis
465 2559 617 2600 docent
649 2561 882 2601 testimonia
924 2561 975 2599 ab
1018 2557 1185 2612 Heynio
1227 2549 1535 2611 prolatassnam
1577 2556 1718 2611 gregis
1753 2571 1921 2610 quoque
1954 2570 2092 2597 curam
2126 2558 2166 2597 ei
2198 2557 2339 2609 fuisse,

164 2633 280 2672 cuius
314 2633 373 2672 rei
395 2632 525 2672 rarior
548 2635 700 2674 mentio
725 2641 801 2685 est,
835 2633 1084 2689 locupletem
1107 2638 1255 2673 testem
1278 2632 1471 2672 habemus
1497 2630 1701 2672 Catullum
1724 2631 1762 2670 iu
1787 2645 1910 2671 carm.
1939 2631 2075 2686 Priap.
2098 2632 2337 2684 LXXXVI,

163 2722 199 2747 v.
241 2709 438 2747 10--15.
507 2708 782 2753 Quamobrem
804 2709 1052 2764 transposito
1076 2721 1158 2748 uno
1184 2705 1356 2748 disticho
1382 2705 1555 2747 duorum
1580 2705 1763 2745 locorum
1791 2704 1945 2755 vitium,
1980 2704 2018 2745 in
2052 2707 2175 2747 tertio
2201 2715 2341 2750 autem

163 2781 242 2822 hoc
277 2780 938 2842 interpretandiae'4incertitudinem
971 2782 1185 2825 sustulisse
1217 2780 1333 2821 nobis
1366 2779 1559 2821 videmur.

2037 2860 2095 2898 2·
