2681 3224
1255 259 1339 305 ,12

351 393 550 447 Denique
585 392 778 433 ineadem
816 393 978 447 elegiae
1013 392 1168 446 primae
1202 399 1320 446 parte
1354 406 1437 431 non
1472 390 1640 431 dubium
1676 390 1772 432 mibi
1809 398 1897 441 est,
1940 393 2036 446 quin
2075 395 2221 433 versus
2265 393 2410 434 decem

220 467 290 520 qui
324 459 568 523 vigesimum
607 471 799 520 quartum
833 473 1079 520 sequuntur,
1113 463 1293 520 ponendi
1326 466 1408 506 sint
1440 471 1536 520 post
1569 471 1754 515 sextum,
1787 473 1835 507 ut
1867 479 1976 518 eum,
2012 467 2084 521 qui
2113 476 2224 509 nun'e
2254 475 2321 509 est
2353 469 2410 509 vi-

217 542 401 596 gesimus
434 547 621 595 quartus,
658 539 794 583 statim
827 549 1027 595 sequatur
1058 536 1294 596 trigesimus
1318 539 1506 595 qnintus;
1541 537 1723 594 quod‘si
1746 539 2093 593 feeerimus3n0n
2127 541 2258 583 solum
2281 541 2409 584 multo

219 615 420 671 aptiorem
454 613 694 656 habebimus
729 609 918 656 versuum
953 609 1154 664 ordinem,
1189 612 1263 654 sed
1298 615 1418 655 etiam
1453 627 1561 663 eum,
1597 623 1716 667 quem
1749 614 1827 669 ipsi
1860 614 2027 655 Tibullo
2072 616 2279 670 placuisse
2312 617 2410 657 satis

221 690 440 746 perspicua
476 688 727 731 documenta
760 697 867 730 suut,
935 691 1072 742 Atque
1104 687 1259 729 initium
1294 686 1608 743 argumentandi
1642 687 1785 728 faciai'n
1818 689 1871 729 ab
1894 687 2015 729 buius
2049 691 2129 730 loci
2152 678 2411 757 finenQuid

221 765 352 821 igitur
383 764 981 826 meng-Pfllssmfflcflmuz
1016 763 1133 804 deam
1157 762 1539 813 innocentissimam,
1574 768 1621 802 ut
1654 777 1678 802 a
1708 762 1964 817 reliquorum
2002 765 2212 817 consortio
2238 764 2410 806 deorum

221 842 543 901 SCQOEGJ'SJW?
608 840 714 880 Post
746 839 903 893 stipites
939 838 1044 879 enim
1080 845 1123 879 et
1153 836 1310 897 lapides
1344 845 1509 878 sanctos
1542 835 1714 877 vidimus
1756 837 1973 889 Cererem,
2016 838 2235 894 Priapum,
2277 840 2410 881 Lares

169 937 175 954 ι
222 913 600 973 ⁰0>¹¹Ji¹292ff2r5¹i¹¹e
635 913 832 969 appellari
865 927 958 953 cum
993 927 1070 953 suo
1106 925 1311 965 quemque
1345 925 1536 970 munere,
1556 900 1726 967 ⁴quippe
1749 925 1924 965 quorum
1947 914 2015 967 pio
2051 913 2163 953 cultu
2198 927 2312 968 spem
2335 914 2411 954 sibi

220 1003 324 1034 esse
348 987 541 1042 Tibullus
575 988 795 1044 significat,
831 986 922 1027 fore
959 994 1003 1027 ut
1036 987 1142 1027 bene
1178 986 1250 1026 sibi
1285 986 1376 1041 agri
1411 986 1569 1026 cultura
1604 973 1784 1034 ereniat3
1825 986 1923 1040 quid
1956 987 2084 1042 igitur
2116 1001 2281 1028 movere
2316 997 2410 1028 eum

220 1061 370 1116 potuit,
406 1069 451 1102 ut
484 1062 720 1134 integ—[1239
760 1060 1234 1119 ill-owdeog-ummqrdine
1266 1060 1475 1122 rebusque
1514 1058 1769 1120 *alienissimis
1814 1060 2064 1115 interpositis
2108 1049 2228 1102 un⁰am
2268 1061 2411 1102 Palem

221 1135 349 1177 solam
383 1149 474 1176 cum
509 1149 679 1176 munere
713 1149 789 1176 suo
814 1143 1021 1188 tamquam
1046 1148 1178 1174 seram
1215 1148 1261 1174 ac
1295 1148 1428 1189 paene
1453 1134 1639 1173 omissam
1664 1133 1934 1187 appendicem
1957 1135 2258 1190 subiungeret?
2291 1149 2411 1190 prae-

221 1211 361 1250 sertim
396 1223 489 1249 cum
523 1210 604 1261 hoc
639 1211 727 1249 eius
763 1217 873 1249 esset
905 1208 1117 1248 consilium
1153 1208 1417 1262 aptissimum,
1452 1214 1498 1248 ut
1530 1213 1747 1261 postquam
1773 1208 1874 1249 deos
1902 1209 2088 1264 singulos
2111 1210 2413 1264 appellavisset,

223 1286 437 1325 universos
474 1284 667 1338 precibus
702 1285 785 1324 suis
821 1292 862 1324 et
898 1282 1016 1324 donis
1041 1282 1279 1332 advocaret,
1313 1280 1354 1323 id
1390 1281 1501 1336 quod
1535 1280 1633 1322 facit
1668 1297 1704 1323 v.
1741 1283 1815 1331 37,
1850 1297 1931 1324 non
1966 1290 2103 1324 autem
2129 1284 2264 1339 potuit
2296 1291 2410 1326 recte

220 1359 385 1410 facere,
431 1359 507 1400 nisi
549 1358 1155 1429 ³5¹1&.99,Q13939³.-.9!!¹¹!1!m
1190 1356 1303 1424 ordo.
1328 1331 1526 1439 fuisset-{1
1553 1357 1703 1421 Neque
1736 1364 1871 1399 tamen
1905 1357 2010 1399 haec
2043 1372 2123 1399 una
2167 1373 2232 1401 res
2267 1366 2352 1412 est,
2387 1374 2410 1401 e

221 1448 303 1489 qua
335 1433 554 1490 intellegas
589 1434 853 1475 coniunctum
886 1432 1014 1474 fuisse
1049 1446 1210 1474 versum
1246 1433 1303 1472 35
1341 1446 1430 1472 cum
1464 1447 1500 1471 v.
1538 1433 1621 1483 ⁶243
1655 1446 1733 1472 nec
1767 1433 1855 1473 sine
1879 1445 2005 1473 causa
2032 1434 2071 1473 in
2094 1433 2163 1473 illo
2198 1434 2254 1473 ita
2277 1436 2409 1475 offen-

223 1507 373 1548 derunt
407 1508 598 1562 Scaliger
633 1515 675 1548 et
707 1509 920 1561 Heynius,
973 1515 1019 1547 ut
1044 1497 1117 1546 'hic
1152 1514 1247 1547 ante
1282 1522 1315 1547 v.
1352 1508 1410 1546 35
1444 1506 1638 1546 nonnulla
1671 1507 1930 1547 intercidisse
1955 1515 2170 1558 censeret,
2222 1509 2289 1549 ille
2312 1525 2410 1550 vero

220 1595 363 1622 versus
397 1582 456 1622 35
494 1589 535 1621 et
570 1582 629 1622 36
665 1581 760 1621 loco
796 1596 873 1622 suo
907 1588 1041 1621 motos
1076 1587 1252 1635 poneret
1283 1586 1378 1620 ante
1412 1594 1446 1619 v.
1485 1580 1556 1629 11,
1593 1594 1674 1633 qua
1708 1581 1867 1621 ratione
1903 1589 1946 1621 et
1979 1581 2149 1621 deorum
2185 1582 2289 1622 ordo
2318 1598 2412 1637 per-

222 1656 395 1698 vertitur
446 1663 488 1696 et
529 1670 622 1696 nam
646 1655 846 1711 particula
886 1656 962 1695 vim
1004 1669 1124 1709 quam
1166 1653 1290 1694 babet
1331 1653 1575 1708 aptissimam
1619 1654 1784 1703 amittit3
1842 1669 1949 1709 quae
1993 1663 2129 1696 autem
2172 1656 2411 1711 excogitata

221 1739 316 1770 sunt
349 1730 535 1779 artificia,
570 1744 653 1783 quo
689 1737 730 1769 et
766 1744 906 1770 versus
944 1732 1002 1768 24
1039 1744 1131 1769 cum
1166 1729 1433 1782 sequentibus
1470 1736 1510 1767 et
1544 1742 1683 1768 versus
1719 1731 1777 1769 35
1815 1744 1907 1770 cum
1932 1730 2271 1771 antecedentibus
2305 1732 2411 1771 bene

223 1806 334 1845 coire
370 1804 621 1854 viderentur,
656 1805 734 1844 hoc
769 1805 904 1859 potiu's
942 1803 1140 1854 efficiunt,
1178 1811 1224 1844 ut
1258 1803 1453 1859 egregius
1488 1810 1612 1857 poeta
1646 1817 1728 1844 non
1763 1819 1840 1845 suo
1877 1805 2046 1846 consilio
2092 1806 2150 1846 uti
2184 1805 2259 1847 sed
2294 1807 2411 1861 quasi

223 1893 352 1919 caeco
388 1878 567 1932 quodam
612 1893 711 1918 casu
745 1879 968 1933 gubernari
1003 1878 1237 1919 credendus
1279 1877 1344 1917 sit.
1414 1877 1597 1917 Deorum
1643 1879 1748 1918 enim
1792 1879 1944 1919 cultum
1990 1880 2227 1921 concedunt
2268 1883 2410 1922 omnes

223 1952 318 1994 ideo
363 1953 700 2002 commemorari,
745 1952 841 2006 quia
882 1954 920 1992 in
966 1967 1015 1992 eo
1060 1954 1193 2008 posita
1239 1959 1300 1992 est
1343 1966 1438 2005 spes
1479 1951 1570 2002 illa,
1607 1951 1658 1992 de
1694 1968 1774 2006 qua
1811 1953 1907 1994 dicit
1942 1969 1977 1995 v.
2015 1956 2042 1993 9
2079 1962 2121 1994 et
2160 1957 2236 2003 10;
2271 1955 2409 2010 itaque

222 2037 438 2081 postquam
476 2026 694 2070 Cererem,
727 2026 947 2081 Priapum,
983 2027 1115 2067 Lares
1150 2025 1389 2081 appellavit,
1431 2026 1662 2080 putabimus
1698 2042 1789 2067 eum
1826 2028 1982 2068 interim
2026 2029 2166 2068 Palem
2212 2029 2408 2079 oblivisci,

224 2102 317 2155 quia
351 2102 390 2142 in
425 2101 578 2141 Larum
614 2101 822 2140 mentione
859 2102 968 2141 venit
1021 2102 1058 2141 ei
1093 2101 1130 2140 in
1168 2108 1342 2140 mentem
1380 2099 1519 2139 deberi
1554 2099 1612 2139 his
1647 2101 1767 2141 etiam
1803 2102 1911 2141 aliud
1946 2102 2064 2157 quid,
2105 2102 2263 2141 scilicet
2296 2103 2410 2155 quod

222 2176 354 2230 possit
386 2174 627 2230 tranquillus
663 2182 705 2215 et
739 2182 853 2215 tutus
887 2189 1100 2229 parvoque
1135 2182 1351 2215 contentus
1388 2174 1495 2213 domi
1531 2174 1665 2214 vivere
1711 2183 1753 2216 et
1794 2177 1937 2230 partim
1980 2178 2134 2216 inertes
2178 2175 2298 2215 horas
2334 2176 2410 2217 du-

223 2264 335 2299 cere,
370 2250 514 2303 partim
550 2249 671 2289 etiam
706 2264 780 2289 sua
816 2263 935 2289 manu
971 2250 1033 2289 vel
1069 2264 1186 2288 arare
1221 2249 1282 2288 vel
1316 2263 1489 2302 gregem
1524 2250 1644 2295 tueri,
1681 2264 1788 2303 quae
1813 2250 1977 2304 quidem
2002 2252 2057 2290 ita
2082 2259 2258 2297 enarrat,
2293 2253 2409 2304 quasi

222 2323 316 2363 nibil
355 2323 465 2363 aliud
500 2331 667 2363 acturus
702 2322 846 2370 fuerit3
881 2338 1023 2363 rursus
1058 2331 1194 2363 autem
1229 2322 1267 2363 in
1302 2323 1444 2377 gregis
1479 2322 1699 2372 mentione,
1737 2319 1980 2378 quamquam
2023 2324 2153 2378 ipsum
2196 2338 2242 2364 se
2284 2324 2408 2366 modo

216 2398 396 2452 pastoris
434 2398 543 2437 vices
578 2412 728 2452 gerere
763 2396 936 2442 dixerat,
972 2397 1204 2451 putabimus
1240 2411 1331 2436 eum
1365 2397 1401 2436 in
1438 2396 1522 2435 veri
1562 2398 1737 2450 pastoris
1763 2397 2054 2452 cogitationem
2083 2397 2265 2438 incidere
2300 2398 2408 2440 eius-

218 2487 305 2526 que
350 2472 595 2513 lustratione
638 2471 753 2525 quasi
787 2471 826 2512 in
863 2472 964 2512 viam
1000 2470 1165 2521 reduci,
1213 2470 1365 2511 utiam
1410 2470 1587 2524 denique
1631 2472 1753 2513 etiam
1790 2471 1930 2512 Palem
1972 2480 2283 2520 commemoret;
2334 2487 2408 2526 po-

217 2553 374 2587 stremo
408 2547 767 2601 putabimus‘eum
800 2546 901 2585 illud
937 2559 1106 2599 quoque
1140 2543 1355 2589 reminisci,
1391 2545 1506 2585 cuius
1543 2546 1602 2584 rei
1637 2560 1762 2586 causa
1803 2547 1854 2585 ab
1898 2547 2010 2586 initio
2054 2547 2156 2587 deos
2200 2547 2409 2601 appellare

221 2621 469 2670 instituerat,
505 2627 632 2674 atque
656 2621 711 2659 ita
735 2619 773 2658 in
800 2634 917 2659 versu
945 2621 1001 2659 37
1028 2618 1165 2658 redire
1190 2618 1242 2658 ad
1265 2618 1418 2658 initium
1443 2618 1557 2667 illud,
1594 2620 1707 2672 quod
1731 2620 1887 2661 fecerat
1921 2636 1957 2660 v.
1984 2622 2152 2660 9-11.
2211 2621 2280 2659 Sic
2304 2621 2409 2660 enim

215 2695 305 2737 fere
338 2695 556 2736 Dissenius
598 2695 742 2736 statuit
785 2694 838 2736 de
880 2694 1034 2735 Tibulli
1069 2701 1178 2736 arte.
1221 2694 1404 2735 nimirum
1451 2694 1629 2735 omnium
1672 2696 1848 2749 optime;
1900 2709 1974 2735 nos
2017 2709 2113 2735 vero
2157 2696 2237 2734 isto
2280 2694 2406 2735 modo

219 2767 411 2827 ma‘gnam
446 2777 596 2825 poetae
630 2770 798 2826 ingenio
832 2770 1018 2811 iniuriam
1054 2768 1143 2810 fleri
1179 2768 1397 2810 eredimus.
1465 2769 1722 2824 Quamquam
1757 2768 1820 2808 vel
1855 2769 1888 2808 si
1924 2768 2056 2809 omnia
2091 2768 2157 2808 illa
2182 2768 2405 2822 probabilia

214 2859 309 2887 esse
343 2844 560 2897 fateamur,
596 2859 676 2886 non
711 2852 845 2887 tamen
882 2845 1079 2886 effectum
1117 2843 1208 2894 erit,
1244 2850 1288 2884 ut
1320 2849 1416 2897 apte
1451 2843 1628 2898 positum
1652 2843 1839 2884 videatur
1861 2843 2056 2898 frequens
2091 2841 2190 2881 illud
2216 2856 2405 2884 versuum

208 2921 366 2962 initium
400 2922 469 2961 hic
485 2935 555 2974 ego
591 2936 624 2961 v.
660 2922 743 2969 353
779 2920 893 2974 quod
929 2920 1021 2961 vide
1056 2926 1209 2973 quanto
1246 2919 1380 2972 aptius
1414 2919 1465 2959 sit
1498 2926 1540 2959 et
1556 2920 1660 2960 infra
1695 2920 1873 2974 positum
1909 2935 1945 2960 v.
1979 2921 2053 2968 75,
2090 2925 2133 2958 et
2166 2919 2274 2972 apud
2299 2919 2405 2959 Pro-
