2667 3242
1295 202 1352 248 15

230 342 317 391 ipse
350 346 421 379 aut
453 338 492 378 in
529 335 634 377 eius*
652 327 815 376 distichi
844 333 1065 390 solitudine
1099 333 1296 383 offensi03
1331 333 1510 387 denique
1543 346 1618 373 cur
1648 332 1692 373 id
1732 333 1772 373 in
1814 334 2098 375 enumerandis
2151 334 2310 375 rusticis
2343 350 2414 376 ne-

230 413 355 468 gotiis
389 418 600 468 postremo
636 409 742 451 loco'
763 409 942 464 positum
976 404 1052 458 εἰς
1075 413 1263 466 apertum
1300 414 1386 457 est;
1434 406 1652 449 commode
1694 407 1798 448 enim
1840 408 1891 447 ab
1925 407 2152 450 inserendis
2189 409 2333 451 vitibus
2370 418 2414 462 et

229 487 359 542 pomis
393 486 587 529 transitus
619 485 666 525 fit
699 482 756 525 ad
789 498 901 539 spem
935 483 1079 539 largae
1111 482 1268 524 messis·
1289 482 1526 537 cultumque
1560 480 1746 524 deorum.

358 562 466 603 Satis
502 560 595 599 mihi
629 559 921 614 comprobasse
956 557 1112 606 videor,
1147 557 1303 611 pariter
1335 563 1379 598 et
1412 557 1466 596 ob
1489 557 1782 598 sententiarum
1811 564 1995 597 naturam
2028 566 2070 602 et
2102 559 2157 599 ob
2192 559 2410 600 verborum

228 623 489 685 intellectum,
525 634 695 673 maxime
730 633 782 673 ob
801 679 806 683 .
826 637 912 687 ipse
954 639 996 672 et
1037 632 1104 671 hic
1146 645 1268 672 voces
1309 646 1345 672 v.
1382 634 1406 671 7
1443 639 1486 672 et
1518 647 1552 671 v.
1590 634 1672 683 35,
1714 632 1988 672 necessariam
2029 648 2120 674 esse
2164 647 2255 673 eam
2289 647 2412 688 quam

228 710 425 766 proposui
460 723 648 749 versuum
683 707 1061 761 transpositionem3
1097 720 1204 759 quae
1238 708 1271 747 si
1303 708 1516 762 probetur,
1548 707 1668 747 facile
1701 708 1957 762 intellegitur
1988 709 2112 749 totius
2135 709 2321 749 carminis
2346 722 2414 748 or·

231 785 364 826 dinem
398 798 539 839 parum
573 790 688 823 recte
723 797 747 823 a
778 782 972 824 Dissenio
1008 795 1102 821 esse
1126 781 1387 835 explicatum,
1422 780 1475 821 de
1509 796 1591 835 qua
1624 796 1669 822 re
1702 797 1811 824 nunc
1836 782 1974 822 dicere
1993 782 2084 822 nihil
2107 784 2264 824 attinet.
2323 783 2413 823 Sed

229 867 273 902 ut
303 858 462 900 facilius
498 857 549 898 de
583 864 670 898 tota
704 870 749 897 re
782 855 964 896 iudicare
999 855 1178 910 possim,
1214 855 1350 896 locum
1393 854 1502 896 hunc
1540 871 1590 896 eo
1635 856 1778 898 ordine
1820 857 2090 903 subscribam,
2131 872 2213 911 quo
2257 872 2351 898 eum
2387 873 2411 897 a

229 933 396 976 Tibullo
431 933 625 987 scriptum
661 945 753 971 esse
788 931 988 970 existimo.

787 1006 959 1045 Divitias
993 1005 1095 1045 alius
1129 1004 1240 1044 fulvo
1273 1004 1348 1044 sibi
1382 1013 1584 1059 congerat
1616 1019 1717 1045 auro

916 1080 972 1120 Et
1004 1086 1143 1119 teneat
1177 1077 1275 1118 culti
1309 1078 1455 1133 iugera
1490 1092 1637 1148 ηιξ-ἕπει
1671 1079 1761 1130 soli,

768 1155 923 1200 —Quem
958 1154 1073 1193 labor
1106 1152 1294 1193 assiduus
1331 1153 1459 1192 vicino
1494 1159 1649 1193 terreat
1682 1153 1815 1203 hoste,

914 1229 1061 1269 Martia
1094 1229 1161 1267 cui
1196 1242 1360 1268 somnos
1394 1227 1564 1286 classica
1598 1228 1715 1281 pulsa
1748 1228 1914 1283 sugent:
2011 1231 2117 1267 Jews
2167 1249 2169 1252 .

676 1306 716 1344 5.
785 1305 853 1344 Me
885 1318 976 1344 mea
1010 1288 1231 1362 paupertas
1266 1300 1346 1341 vita
1379 1300 1573 1342 traducat
1604 1302 1736 1352 inerti,

1967 1344 2017 1365 ’,ᾖ
2051 1348 2059 1359 ,,

911 1378 1021 1419 Dum
1057 1391 1171 1418 meus
1208 1374 1372 1417 assiduo
1408 1376 1544 1417 luceat
1577 1377 1673 1432 igne
1707 1376 1839 1417 focus.

447 1441 877 1508 Δ’(’2”5)Ἢ“’’ν’ωωῐειῐιι
910 1436 1160 1498 modKQiam
1195 1464 1363 1506 possum
1399 1457 1617 1490 contentus
1652 1452 1785 1490 vivere
1820 1465 1944 1505 parvo

912 1528 1003 1567 Nec
1036 1540 1199 1580 semper
1231 1525 1380 1581 longae
1415 1524 1578 1565 deditus
1612 1539 1704 1565 esse
1740 1526 1840 1575 viae,

788 1601 872 1642 Sed
909 1602 1031 1641 canis
1066 1601 1243 1641 aestivos
1276 1607 1389 1641 ortus
1424 1600 1552 1641 vitare
1586 1601 1661 1640 sub
1695 1601 1837 1641 umbra

653 1677 723 1715 lt).
916 1675 1083 1714 Arboris
1118 1674 1170 1714 ad
1203 1675 1309 1714 rivos
1343 1676 1642 1734 praetereuntis
1677 1689 1822 1728 aquae.

786 1750 876 1789 Nec
912 1757 1044 1789 tamen
1080 1748 1281 1788 interdum
1316 1732 1473 1802 pudeat
1506 1750 1687 1789 tenuisse
1717 1748 1908 1808 bidentes
1962 1768 2025 1786 s...
2054 1774 2063 1787 .

474 1824 584 1879 (30)
682 1833 684 1835 “
914 1826 995 1864 Aut
1028 1804 1187 1864 stimulo
1223 1822 1364 1863 tardos
1398 1823 1651 1878 increpuisse
1686 1825 1836 1873 boves;

786 1898 880 1938 Non
916 1911 1115 1953 agnamve
1148 1897 1238 1937 sinu
1274 1897 1415 1958 pigeat
1446 1896 1625 1938 fetumve
1629 1896 1842 1960 „capellae
1900 1951 1902 1953 v

909 1972 1131 2012 Desertum
1168 1972 1291 2012 oblita
1323 1979 1453 2012 matre
1487 1971 1642 2012 referre
1678 1972 1864 2020 domum

651 2049 720 2087 15.
789 2049 841 2087 At
874 2061 946 2086 vos
982 2046 1134 2101 exiguo
1169 2040 1324 2100 pecori,
1360 2046 1555 2100 furesque
1598 2046 1781 2100 lupique,

474 2121 584 2175 (34)
915 2121 1102 2161 Parcite:
1138 2120 1189 2160 de
1223 2134 1371 2185 magno
1408 2128 1474 2161 est
1504 2120 1658 2175 praeda
1692 2120 1871 2175 petenda
1904 2135 2049 2175 grege.

489 2196 567 2247 (7)
792 2195 884 2249 [pse
918 2209 1048 2234 seiam
1084 2202 1246 2235 teneras
1280 2202 1439 2235 maturo
1475 2203 1660 2249 tempore
1697 2196 1796 2235 vites

910 2269 1106 2308 Rusticus
1142 2277 1183 2309 et
1215 2268 1321 2309 facili
1354 2268 1540 2328 glandia
1560 2284 1682 2323 poma
1717 2284 1859 2309 manu:

786 2343 877 2382 Nec
911 2357 1006 2396 spes
1041 2342 1251 2393 destituat,
1285 2343 1360 2383 sed
1393 2329 1559 2398 frugum
1594 2358 1756 2398 semper
1789 2358 1957 2384 acervos

473 2417 582 2473 (10)
646 2420 718 2458 ⁸20.
908 2417 1114 2457 Praebeat
1148 2425 1190 2457 et
1224 2417 1345 2471 pleno
1381 2418 1548 2472 pinguia
1584 2425 1717 2458 musta
1750 2418 1854 2458 lacu.

474 2491 583 2548 (ll)
790 2492 1116 2561 lia-Qveueror,
1152 2506 1226 2532 seu
1262 2492 1387 2556 stipes
1422 2492 1545 2533 habet
1580 2493 1768 2533 desertus
1801 2492 1839 2532 in
1875 2494 1983 2548 agris
2037 2518 2041 2521 «
2069 2515 2099 2520 --

476 2566 586 2621 (12)
919 2567 1003 2605 Seu
1040 2573 1156 2605 vetus
1191 2567 1229 2606 in
1265 2567 1380 2607 trivio
1416 2569 1544 2623 florea
1578 2576 1687 2606 serta
1722 2567 1850 2621 lapis..

434 2634 580 2696 715)
789 2640 916 2681 Flava
952 2641 1094 2687 CereS,
1131 2641 1201 2680 tibi
1236 2643 1286 2682 sit
1320 2651 1460 2682 nostro
1496 2642 1548 2682 de
1582 2657 1676 2682 rure
1712 2656 1865 2682 corona

473 2713 583 2768 (16)
919 2715 1081 2769 Spicea,
1118 2730 1223 2768 quae
1257 2717 1394 2770 templi
1429 2717 1607 2771 pendeat
1640 2723 1734 2757 ante
1767 2716 1892 2757 fores.

474 2789 584 2844 (17)
655 2791 728 2829 25.
795 2790 1068 2843 Pomosisque
1103 2790 1227 2830 ruber
1259 2797 1399 2831 custos
1435 2798 1610 2845 ponatur
1643 2792 1680 2831 in
1716 2790 1860 2837 hortis,

474 2864 583 2917 (18)
915 2865 1092 2904 Terreat
1126 2873 1168 2905 ut
1202 2879 1325 2905 saeva
1357 2865 1462 2905 falce
1497 2867 1669 2919 Priapus
1703 2879 1813 2912 aves,
