2667 3242
1301 169 1330 213 5

219 306 255 347 1.
290 306 338 345 Α.
374 305 525 360 Vulpio
560 304 667 344 banc
692 302 871 353 laudem,
906 309 951 343 ut
982 302 1136 356 primus
1163 300 1366 355 Sealigeri
1399 298 1740 353 transpositiones
1775 299 1942 340 tolleret
1975 308 2100 354 atque
2124 301 2245 341 etiam
2278 314 2407 357 argu-

221 381 367 421 mentis
400 380 652 425 confutaret;
709 391 846 431 neque
887 377 939 417 ab
973 391 1025 417 eo
1067 384 1255 430 tempore
1289 375 1500 429 quisquam
1536 382 1723 427 repertus
1757 382 1832 423 est,
1868 374 1937 428 qui
1969 374 2056 415 illas
2089 382 2301 428 repeteret
2334 382 2409 417 aut

223 454 359 509 aliquo
384 454 508 495 modo
544 451 712 493 defendi
745 466 870 506 posse
905 451 1109 492 crederet.
1174 450 1281 491 Nam
1310 449 1350 490 si
1383 448 1434 489 ab
1469 450 1577 489 Sam.
1611 446 1791 501 Henlejo
1828 447 2029 499 discedas,
2065 449 2119 490 de
2153 463 2235 504 quo
2268 455 2409 491 narrat

219 529 409 584 Heynius
442 544 483 585 p.
518 527 644 577 xlx,
678 525 825 581 reliqui
859 540 1001 566 omnes
1036 539 1130 566 eum
1164 524 1385 565 carminum
1420 536 1695 576 versuumque
1731 522 1916 563 ordinem
1950 523 2143 579 religiose
2181 530 2409 565 tenuerunt

221 619 341 659 quem
376 605 485 645 libris
519 617 616 643 mss.
652 601 845 642 traditum
878 601 1092 651 babemus,
1127 613 1249 653 quem
1284 598 1448 656 quidem
1481 597 1746 653 probabiliter
1778 612 1969 639 enarrare
2003 612 2053 639 ac
2086 598 2311 641 defendere
2342 598 2408 639 vel

221 688 334 720 certe
369 692 567 721 excusare
602 676 708 717 adeo
744 691 1047 730 nonnumquam
1083 675 1249 716 difficile
1284 682 1360 726 est,
1395 674 1503 714 utin
1537 682 1617 714 tam
1651 673 1807 714 lubrico
1832 674 2001 729 negotio
2026 688 2104 715 non
2128 676 2261 716 minus
2283 675 2406 715 miras

222 754 422 795 interdum
446 752 654 794 machinas
689 766 766 792 nec
790 752 921 791 minus
957 751 1019 790 vel
1053 738 1291 806 ingeniosas
1326 748 1387 790 vel
1421 747 1679 789 incredibiles
1714 749 1810 790 artis
1843 763 1945 790 suae
1972 750 2168 807 versutias
2201 751 2404 804 interpre-

220 837 283 870 tes
319 827 580 869 adhibuerint
631 840 752 880 quam
787 825 879 865 olim
913 825 951 865 in
987 839 1063 865 suo
1099 838 1257 880 genere
1291 822 1593 864 emendatores.
1662 824 1801 869 Quare
1842 823 1937 864 mibi
1984 832 2027 864 ut
2060 831 2179 864 antea
2212 824 2405 880 Scaliger

223 917 313 943 cum
338 902 507 942 asseclis
533 901 616 940 suis
651 901 689 939 in
709 899 944 954 spernenda
967 900 1215 953 scriptorum
1237 893 1430 938 librorum
1454 899 1714 948 auctoritate,
1750 899 1803 937 ita
1828 899 1896 952 qui
1921 898 2111 952 Vulpium
2128 899 2261 939 secuti
2292 905 2407 949 sunt,

218 978 257 1018 in
291 993 340 1019 ea
372 976 550 1018 tenenda
584 990 633 1016 ac
668 974 930 1015 defendenda
964 975 1072 1015 nimii
1105 973 1466 1015 suisse‘videntur.

346 1051 455 1092 Nolo
491 1064 600 1090 nunc
635 1049 755 1089 altius
791 1056 983 1102 repetere
1027 1056 1070 1088 et
1111 1048 1294 1102 pluribus
1337 1046 1590 1102 singulatim·
1617 1062 1825 1101 exponere
1869 1048 1998 1102 qualis
2043 1048 2135 1088 mihi
2178 1048 2403 1088 Tibulliani

219 1127 338 1166 huius
372 1126 584 1165 voluminis
617 1124 785 1164 fortuna
817 1123 945 1163 fuisse
978 1116 1187 1172 videatur3
1220 1122 1296 1163 sed
1329 1122 1461 1177 probo
1497 1121 1645 1172 adhuc,
1683 1122 1794 1175 quod
1830 1121 1924 1162 olim
1947 1123 1987 1163 in
2010 1123 2279 1163 Dissenianae
2313 1122 2402 1162 edi-

218 1201 338 1241 tionis
381 1214 554 1241 censura
598 1196 730 1253 dixi*)
765 1197 891 1238 videri
927 1197 1021 1238 mihi
1053 1205 1185 1239 totum
1219 1197 1300 1239 hoc
1333 1196 1471 1253 dispar
1504 1198 1706 1239 variorum
1741 1199 1962 1239 carminum
1996 1213 2147 1254 corpus
2181 1198 2403 1240 collectum

218 1276 256 1315 in
294 1275 416 1315 domo
452 1274 690 1324 Messallae,
735 1288 817 1313 non
862 1281 907 1314 ut
947 1274 986 1314 in
1029 1273 1235 1327 publicum
1282 1272 1477 1314 ederetur
1518 1289 1653 1328 neque
1698 1274 1812 1328 quod
1855 1275 1975 1314 unius
2010 1275 2189 1315 auctoris
2222 1275 2401 1315 carmina

221 1357 373 1399 essent,
407 1348 483 1390 sed
517 1348 632 1401 quod
666 1348 936 1388 servabantur
971 1347 1204 1398 coniuncta,
1240 1362 1513 1401 quaecunque
1547 1348 1599 1388 ad
1623 1349 1853 1389 Messallam
1880 1349 2053 1402 eiusque
2085 1349 2273 1389 familiam
2304 1362 2404 1406 per·

218 1425 414 1466 tinebant.
483 1423 762 1470 Quamobrem
795 1422 1009 1478 probabile
1043 1429 1126 1475 est,
1172 1422 1324 1464 Tibulli
1363 1423 1541 1463 carmina
1584 1422 1694 1463 illata
1735 1421 1791 1464 illi
1837 1423 2000 1478 corpori
2043 1431 2127 1464 tum
2169 1438 2261 1463 esse
2306 1437 2401 1464 cum

220 1500 391 1553 primum
426 1499 579 1553 scripta
612 1505 729 1549 sunt,
765 1498 803 1538 in
839 1498 1044 1553 publicum
1078 1505 1215 1538 autem
1239 1496 1349 1538 edita
1380 1497 1588 1552 aliquanto
1623 1506 1732 1552 post,
1767 1499 1880 1539 novis
1915 1499 2094 1539 auctoris
2127 1499 2272 1539 studiis
2305 1512 2402 1553 per-

218 1573 346 1629 polita
382 1580 424 1614 et
458 1572 697 1622 emendata3
735 1587 816 1626 quo
853 1572 1006 1612 sactum
1040 1579 1116 1624 est,
1149 1580 1196 1612 ut
1231 1572 1382 1627 duplex
1418 1580 1577 1613 extaret
1600 1574 1925 1613 Tibullianorum
1949 1575 2170 1613 carminum
2194 1574 2407 1622 collectio,

219 1650 426 1703 publicata
468 1649 618 1699 altera,
663 1663 770 1702 quae
812 1648 907 1688 nihil
947 1649 1177 1689 contineret
1217 1648 1292 1688 nisi
1332 1663 1439 1702 quae
1487 1664 1530 1690 re
1576 1664 1669 1690 vera
1714 1649 1868 1690 Tibulli
1903 1657 2062 1700 essent,
2099 1664 2232 1704 eaque
2266 1662 2404 1689 novae

222 1724 487 1770 recensionis,
523 1724 651 1764 altera
685 1725 855 1777 privata,
891 1724 930 1764 in
966 1738 1047 1777 qua
1081 1724 1248 1777 primam
1282 1722 1451 1764 formam
1478 1724 1683 1765 habebant
1706 1725 1859 1765 Tibulli
1893 1726 2071 1765 carmina
2104 1733 2146 1766 et
2179 1725 2400 1765 coniuncta

219 1806 334 1839 erant
368 1813 459 1839 cum
495 1798 665 1838 aliorum
701 1805 914 1839 auctorum
952 1797 1122 1838 diversis
1157 1797 1399 1838 carminibus
1434 1798 1648 1840 Messallae
1692 1798 1857 1840 domum
1900 1799 2196 1854 spectantibus.
2263 1801 2400 1852 Atque

219 1873 487 1915 domesticum
522 1873 601 1913 hoc
636 1872 864 1928 exemplum
903 1872 972 1913 diu
1006 1872 1175 1914 latuisse
1209 1872 1419 1927 probabile
1454 1881 1536 1922 est;
1572 1888 1662 1913 nam
1686 1874 1892 1929 Sulpiciae
1926 1883 2038 1915 certe
2062 1875 2238 1915 carmina
2272 1887 2405 1928 quae-

218 1948 308 1989 dam
342 1962 462 1988 nemo
499 1948 644 1988 credet
678 1955 750 1988 aut
792 1962 841 1987 eo
886 1948 1056 1987 consilio
1102 1948 1272 2001 scripta,
1316 1955 1361 1987 ut
1395 1948 1636 1997 ederentur,
1681 1957 1752 1988 aut
1792 1950 1858 1988 illa
1901 1951 2120 2003 superstite
2165 1958 2206 1988 et
2239 1949 2409 1987 volente

217 2022 327 2062 edita
347 2037 458 2071 esse;
484 2022 594 2062 unde
614 2030 786 2076 apparet
805 2022 1015 2076 quomodo
1036 2021 1187 2062 sactum
1207 2022 1270 2069 sit,
1295 2029 1340 2062 ut
1358 2023 1611 2076 grammatici
1636 2023 1786 2077 aliique
1806 2024 2028 2078 scriptores
2049 2033 2224 2073 veteres,
2250 2023 2407 2077 quippe

217 2097 286 2150 qui
319 2097 483 2151 publica
516 2097 583 2136 illa
618 2097 799 2137 editione
833 2105 1062 2146 uterentur,
1098 2111 1233 2150 neque
1268 2111 1291 2136 e
1323 2097 1446 2137 tertio
1482 2105 1683 2151 quartove
1717 2098 1820 2138 libro
1854 2099 1989 2137 locum
2021 2098 2144 2138 ullum
2177 2097 2402 2151 proferant,

217 2180 258 2212 et
292 2173 330 2211 in
365 2173 411 2212 iis
445 2188 552 2225 quae
586 2173 702 2226 primi
736 2172 993 2226 secundique
1029 2172 1116 2212 libri
1151 2180 1259 2222 sunt,
1297 2170 1496 2213 diversam
1545 2174 1828 2214 recensionem
1869 2180 2113 2227 sequantur:
2162 2172 2319 2213 scilicet
2356 2173 2394 2213 in

215 2260 364 2300 magna
414 2230 505 2285 illa*
531 2247 729 2286 bonorum
780 2246 974 2286 librorum
1026 2246 1225 2300 pernicie,
1279 2260 1385 2299 quae
1429 2247 1557 2287 Cassii
1607 2248 1861 2298 Parmensis,
1914 2248 2093 2288 Cornelii
2137 2247 2266 2297 Galli,
2308 2248 2395 2287 Do-

217 2320 313 2361 mitii
348 2320 493 2371 Marsi,
544 2320 715 2361 aliorum
765 2321 942 2361 carmina
990 2319 1177 2371 abstulit,
1228 2320 1345 2375 periit
1380 2321 1500 2362 etiam
1536 2322 1690 2363 Tibulli
1724 2323 1790 2364 illa
1823 2323 1986 2379 publica
2020 2323 2146 2364 editio
2180 2322 2397 2363 successit-

216 2409 297 2447 que
332 2395 370 2434 in
405 2395 493 2435 eius
528 2394 663 2435 locum
701 2395 930 2449 exemplum
966 2394 1134 2449 aliquod
1169 2409 1192 2434 e
1226 2395 1445 2436 Messallae
1481 2397 1603 2437 domo
1638 2398 1857 2452 prolatum,
1893 2414 1916 2438 e
1952 2413 2034 2452 quo
2070 2406 2110 2438 et
2142 2398 2396 2436 recentiores

215 2469 304 2511 libri
338 2470 546 2510 fluxerunt
580 2483 742 2519 omnes,
779 2470 924 2523 quibus
960 2483 1068 2509 nunc
1101 2469 1197 2510 solis
1231 2470 1403 2521 utimur,
1446 2478 1488 2512 et
1521 2473 1766 2513 vetustiores
1807 2473 1884 2523 illi,
1926 2473 2035 2514 unde
2079 2472 2259 2512 derivata
2300 2478 2398 2511 sunt

216 2550 414 2598 excerpta
457 2543 659 2583 Vincentii
700 2543 1006 2582 Bellovacensis
1050 2550 1092 2582 et
1132 2543 1418 2599 Frisingensia
1459 2555 1499 2585 et
1542 2547 1689 2599 quibus
1736 2562 1834 2587 usus
1875 2556 1937 2587 est
1970 2547 2178 2599 Scaliger,
2214 2547 2396 2599 itemque

217 2619 364 2659 veteris
408 2618 563 2657 codicis
614 2617 888 2672 fragmentum
925 2617 1217 2671 Cujacianum‚
1262 2618 1374 2672 quod
1404 2620 1512 2660 idem
1537 2621 1728 2676 Scaliger
1760 2622 1978 2675 usurpas-it.
2047 2622 2092 2660 In
2123 2628 2235 2661 tanta
2259 2631 2397 2661 autem

217 2694 483 2735 vetustiorum
519 2692 714 2733 librorum
748 2693 920 2747 penuria
960 2691 1159 2747 quidquid
1194 2692 1317 2736 hodie
1361 2694 1549 2737 vitiorum
1593 2697 1631 2738 in
1674 2697 1915 2738 carminibus
1958 2695 2110 2737 Tibulli
2153 2695 2312 2747 haeret,
2354 2695 2400 2737 id

279 2862 315 2903 ¹⁸¹)
343 2868 477 2897 Jahrbb.
506 2868 559 2896 fiir
586 2868 779 2898 wissensch,
809 2867 891 2898 Krit.
923 2863 1034 2898 18:37.
1071 2867 1146 2899 Jan.
1175 2876 1249 2910 pag.
1278 2864 1326 2898 40
1355 2878 1403 2905 sq.
